%% This BibTeX bibliography file was created using BibDesk.
%% http://bibdesk.sourceforge.net/


%% Created for Richard Stern at 2010-10-23 03:44:09 -0400


%% Saved with string encoding Unicode (UTF-8)


@string{icassp = {IEEE Int. Conf. Acoust., Speech and Signal Processing}}

@string{icasspaccepted = {Accepted for presentation in IEEE Int. Conf. on Acoust., Speech, and Signal Processing}}

@string{icasspsubmitted = {Submitted to IEEE Int. Conf. on Acoust., Speech, and Signal Processing}}

@string{icnlpsubmitted = {Submitted to Indian Conf. Natural Language Processing}}

@string{icslp = {Proc. Int. Conf. Spoken Language Processing}}

@string{ieeeassp = {IEEE Trans. Acoust., Speech, and Signal Processing}}

@string{ieee_tassp = {IEEE Trans. Acoust., Speech, and Signal Processing}}

@string{ieeeasspmagazine = {IEEE ASSP Magazine}}

@string{ieeemm = {IEEE MultiMedia}}

@string{ieeespm = {IEEE Signal Processing Magazine}}

@string{ieeetpami = {IEEE Trans. Pattern Analysis and Machine Intelligence}}

@string{ieeetransbiomedicalengg = {IEEE Trans. Biomdeical Engineering}}

@string{ieeetransip = {IEEE Trans. Image Processing}}

@string{ieeetransmedicalimaging = {IEEE Trans. Medical Imaging}}

@string{ieeetransmm = {IEEE Trans. MultiMedia}}

@string{ieeetransnn = {IEEE Trans. Neural Networks}}

@string{ieeetsaap = {IEEE Trans. Speech and Audio Processing}}

@string{ieeetsaapaccepted = {accepted for publication in IEEE Trans. Speech and Audio Processing}}

@string{ieeetsaapsubmitted = {Submitted to IEEE Trans. Speech and Audio Processing}}

@string{ijcnnaccepted = {Accepted for presentation in Int. Joint Conf. Neural Networks}}

@string{ijcnnsubmitted = {Submitted to Int. Joint Conf. Neural Networks}}

@string{jasa = {J. Acoust. Soc. Am.}}

@string{journalnn = {Neural Networks}}

@string{nnsubmitted = {Communicated to Neural Networks}}

@string{proceedingsoftheieee = {Proceedings of the IEEE}}

@string{scsubmitted = {Communicated to Speech Communication}}

@string{sigpro = {Signal Processing}}

@string{specom = {Speech Communication}}


@MISC{eigenweb,
author = {{G. Guennebaud, B. Jacob et al.}},
title = {Eigen v3},
howpublished = {http://eigen.tuxfamily.org},
year = {2010}
}

@MISC{M_Borgerding_kiss_fft_2010,
author = {{M. Borgerding}},
title = {Kiss FFT version 1.2.9},
howpublished = {https://sourceforge.net/projects/kissfft/},
year = {2010}
}


% LDC database
@book{price_p_ldc_1993,
  author = {{Price, P, et al.}},
  publisher = {Linguistic Data Consortium},
  address = {Philadelphia, PA},
  title = {Resource Management RM1 2.0 LDC93S3B. DVD},
  year = {1993}
}


@book{GilkeyAnderson97,
  Date-Added = {2010-12-04 01:24:46 -0500},
  Date-Modified = {2010-12-04 01:30:04 -0500},
  Editor = {R. H. Gilkey and T. R. Anderson},
  Publisher = {Psychology Press (reprint)},
  Title = {Binaural and Spatial Hearing in Real and Virtual Environments},
  Year = {1997}}

@book{GilkeyAnderson97,
  Date-Added = {2010-12-04 01:24:46 -0500},
  Date-Modified = {2010-12-04 01:30:04 -0500},
  Editor = {R. H. Gilkey and T. R. Anderson},
  Publisher = {Psychology Press (reprint)},
  Title = {Binaural and Spatial Hearing in Real and Virtual Environments},
  Year = {1997}}

@book{M_Wolfel_Wiley_2009
  Author = {{M. W\"olfel and J. McDonough}},
%  Editor = {R. H. Gilkey and T. R. Anderson},
  Publisher = {Wiley},
  Title = {Distant Speech Recognition},
  Year = {2009}}

@book{M_D_Srinath_Prentice_Hall_1996,
  Author = {{M. D. Srinath, P. K. Rajasekaran, and R. Viswanathan}},
  Address = {{Upper Saddle River, NJ}},
  Publisher = {{Prentice-Hall, Inc. Upper Saddle River, NJ}},
  Title = {{Introduction to Statistical Signal Processing with Applications}},
  Year = {1996}}

@incollection{TrahiotisEtal05,
  Author = {C. Trahiotis and L. Bernstein and R. M. Stern and T. N. Buell},
  Booktitle = {Sound Source Localization},
  Date-Added = {2010-10-23 03:36:16 -0400},
  Date-Modified = {2010-10-23 03:44:06 -0400},
  Editor = {R. Fay and T. Popper},
  Pages = {238--271},
  Publisher = {Springer-Verlag},
  Series = {Springer Handbook of Auditory Research},
  Title = {Interaural correlation as the basis of a working model of binaural processing},
  Volume = {25},
  Year = {2005}}

@incollection{SternWangBrown06,
  Author = {R. M. Stern and   DeL. Wang and G. J. Brown},
  Booktitle = {Computational Auditory Scene Analysis: Principles,  Algorithms and Applications},
  Date-Added = {2010-10-23 03:03:52 -0400},
  Date-Modified = {2010-10-23 03:08:50 -0400},
  Editor = {DeL. Wang and G. J. Brown},
  Publisher = {Wiley-IEEE Press},
  Title = {Binaural Sound Localization},
  Year = {2006}}


@ARTICLE{k_han_taslp_2015_00,
  author={K. Han, Y. Wang, D. Wang, W. S. Woods, I. Merks, and T. Zhang},
  journal={IEEE/ACM Transactions on Audio, Speech, and Language Processing},
  title={Learning Spectral Mapping for Speech Dereverberation and Denoising},
  year={2015},
  volume={23},
  number={6},
  pages={982-992},
  keywords={learning (artificial intelligence);neural nets;reverberation;speech intelligibility;speech recognition;automatic speech recognition;background noise;corrupted speech;deep neural networks;human speech;magnitude spectrogram;real-world environments;reverberant noisy conditions;reverberation noise;spectral mapping;speech denoising;speech dereverberation;speech intelligibility;speech quality;supervised learning;Noise reduction;Reverberation;Spectrogram;Speech;Speech processing;Time-domain analysis;Training;Deep neural networks (DNNs);denoising;dereverberation;spectral mapping;supervised learning},
  doi={10.1109/TASLP.2015.2416653},
  ISSN={2329-9290},
  month={June},}

@article{r_crochiere_ieee_tassp_1980_00,
  author={R. Crochiere},
  journal=ieee_tassp,
  title={{A weighted overlap-add method of short-time Fourier analysis/synthesis}},
  year={1980},
  volume={28},
  number={1},
  pages={99-102},
  keywords={band pass filters;channel bank filters;discrete fourier transforms;filter bank;fourier transforms;sampling methods;signal analysis;signal synthesis;speech analysis;speech synthesis},
  doi={10.1109/tassp.1980.1163353},
  issn={0096-3518},
  month={feb},}


@article{s_g_mcgovern_applied_acoustics_2009_00,
  author = {{S. G. McGovern}},
  title = {Fast image method for impulse response calculations of box-shaped rooms},
  journal = {Applied Acoustics},
  volume = {70},
  number = {1},
  pages = {182 - 189},
  year = {2009},
  issn = {0003-682X},
  doi = {https://doi.org/10.1016/j.apacoust.2008.02.003},
%  url = {http://www.sciencedirect.com/science/article/pii/S0003682X08000455},
  keywords = {Room impulse response, Auralization, Reverberation, Room acoustics},
}




@article{PalomakiBrownWang04,
  Author = {K. J. Palomaki and G. J. Brown and DeL. Wang},
  Date-Added = {2010-10-23 02:29:48 -0400},
  Date-Modified = {2010-10-23 02:31:32 -0400},
  Journal = {Speech Communication},
  Pages = {361--378},
  Title = {A binaural processor for missing data speech recognition in the presence of noise and small-room reverberation},
  Volume = {43},
  Year = {2004}}

@article{PalomakiBrownWang04,
  Author = {K. J. Palomaki and G. J. Brown and DeL. Wang},
  Date-Added = {2010-10-23 02:29:48 -0400},
  Date-Modified = {2010-10-23 02:31:32 -0400},
  Journal = {Speech Communication},
  Pages = {361--378},
  Title = {A binaural processor for missing data speech recognition in the presence of noise and small-room reverberation},
  Volume = {43},
  Year = {2004}}

@article{D_A_Reynolds_Digital_Signal_Processing_2000,
  Author = {{D. A. Reynolds, T. F. Quatieri, and R. B. Dunn}},
  Journal = {Digital Signal Processing},
  Pages = {19-41},
  Title = {{Speaker Verification Using Adapted Gaussian Mixture Models}},
  Volume = {10},
  Number = {1-3},
  Year = {2000}}

@article{M_A_Zissman_Speech_Comm_2001,
  Author = {{M. A. Zissman and K. M. Berkling}},
  Journal = {Speech Communication},
  Pages = {115-124},
  Title = {{Automatic language identification}},
  Volume = {35},
  Number = {1-2},
  Year = {2001}}

@incollection{R_M_Stern_INTERSPEECH_2007,
  Author = {R. M. Stern and E. Gouvea and G. Thattai},
  Booktitle = {INTERSPEECH-2007},
  Date-Added = {2010-10-23 02:12:37 -0400},
  Date-Modified = {2010-10-23 02:16:09 -0400},
  Month = {August},
  Pages = {926--929},
  Title = {`Polyaural' processing for automatic speech recognition in degraded environments},
  Year = {2007}}

@article{G_W_Hill_ACM_Tran_Mathematical_Software_1977,
  Author = {{Geoffrey W. Hill}},
  Journal = {{ACM Transactions on Mathematical Software}},
  Month = {Sept.},
  Number = {3},
  Pages = {279--284},
  Title = {{Algorithm 518: Incomplete Bessel Function I0. The Von Mises Distribution [S14]}},
  Volume = {3},
  Year = {1977}}

@article{S_Harding_IEEETran_AudioSpeechLang_2006,
  Author = {{S. Harding and J. Barker and G. J. Brown}},
  Date-Added = {2010-10-23 02:02:32 -0400},
  Date-Modified = {2010-10-23 02:04:49 -0400},
  Journal = {{IEEE Trans. Audio, Speech, Lang. Process.}},
  Month = {Jan.},
  Number = {1},
  Pages = {58--67},
  Title = {{Mask estimation for missing data speech recognition based on statistics of binaural interaction}},
  Volume = {14},
  Year = {2006}}

@article{F_Muller_SpeechComm_2011,
  Author = {{F. M{\"u}ller and A. Mertins}},
  Journal = {{Speech Communication}},
  Month = {July},
  Number = {6},
  Pages = {830--841},
  Title = {{Contextual invariant-integration features for improved speaker-independent speech recognition}},
  Volume = {53},
  Year = {2011}}

@article{N_Mesgarani_IEEETransAudioSpeechLangProc_2006,
  Author = {{N. Mesgarani, M. Slaney, and S. Shamma}},
  Journal = {{IEEE Trans. Audio, Speech, and Language Processing}},
  Month = {May},
  Number = {3},
  Pages = {920--929},
  Title = {{Discrimination of speech from nonspeech based on multiscale spectro-temporal modulations}},
  Volume = {14},
  Year = {2006}}

@article{W_Jesteadt_JASA_1982,
  Author = {{W. Jesteadt, S. P. Bacon, and J. R. Lehman}},
  Journal = {{J. Acoust. Soc. Am.}},
  Month = {Apr.},
  Number = {4},
  Pages = {950--962},
  Title = {{Forward masking as a function of frequency, masker level, and signal delay}},
  Volume = {71},
  Year = {1982}}

@webpage{CMU_Sphinx_download,
  Author = {{CMU Sphinx Consortium Sphinx Consortium}},
  Date-Added = {2010-10-02 14:18:56 -0400},
  Date-Modified = {2010-10-03 21:22:18 -0400},
  Title = {{CMU Sphinx Open Source Toolkit for Speech Recognition: Downloads}},
  Url = {http://cmusphinx.sourceforge.net/wiki/download/},
  Bdsk-Url-1 = {http://cmusphinx.sourceforge.net/wiki/download/}}

@article{J_Allen_JASA_1979,
  author = {J. Allen and D. Berkley},
  journal = {J. Acoust. Soc. Am.},
  month = {April},
  number = {4},
  pages = {943--950},
  title = {Image method for efficiently simulating small-room acoustics},
  volume = {65},
  year = {1979}}

@article{AllenBerkley79,
  Author = {J. Allen and D. Berkley},
  Date-Added = {2010-09-06 11:24:01 -0400},
  Date-Modified = {2010-09-06 11:25:55 -0400},
  Journal = {J. Acoust. Soc. Am.},
  Month = {April},
  Number = {4},
  Pages = {943--950},
  Title = {Image method for efficiently simulating small-room acoustics},
  Volume = {65},
  Year = {1979}}

@article{S_Hochreiter_neural_computation_1997_00,
  Author = {{S. Hochreiter and J{\"u}rgen Schmidhuber}},
  Journal = {Neural Computation},
  Month = {Nov.},
  Number = {9},
  Nomber={9},
  Pages = {1735--1780},
  Title = {{Long Short-term Memory}},
  Year = {1997}}

@phdthesis{cite-key,
  Date-Added = {2010-09-06 11:23:33 -0400},
  Date-Modified = {2010-09-06 11:23:33 -0400}}

@phdthesis{ChanwooKimPhDThesis,
  Address = {Pittsburgh, PA USA},
  Author = {{\chanwcom}},
  Date-Added = {2010-08-26 17:50:21 -0400},
  Date-Modified = {2010-10-03 11:52:00 -0400},
  Month = {Dec.},
  School = {Carnegie Mellon University},
  Title = {Signal Processing for Robust Speech Recognition Motivated by Auditory Processing},
  Year = {2010}}

@INPROCEEDINGS{M_Frigo_proceedings_of_the_ieee_20015,
    author = {M. Frigo and S. G. Johnson},
    title = {The design and implementation of FFTW3},
    booktitle = {PROCEEDINGS OF THE IEEE},
    year = {2005},
    pages = {216--231},
    publisher = {}
}

@INPROCEEDINGS{Seltzer2013DNNAurora4,
  author = {{M. Seltzer, D. Yu, and Y.-Q. Wang}},
  title = {An Investigation Of Deep Neural Networks For Noise Robust Speech
        Recognition},
  booktitle = {Int. Conf. Acoust. Speech, and Signal Processing},
  year = {2013},
  pages = {7398--7402}
}

@INPROCEEDINGS{Yu2013FeatureLearningDNN,
  author = {{D. Yu, M. L. Seltzer, J. Li, J.-T. Huang, and F. Seide}},
  title = {Feature Learning in Deep Neural Networks - Studies on Speech Recognition
        Tasks},
  booktitle = {Proceedings of the International Conference on Learning Representations},
  year = {2013}
}

@INPROCEEDINGS{Narayanan2013IRM,
  author = {{A. Narayanan and D. L. Wang}},
  title = {Ideal ratio mask estimation using deep neural networks for robust
        speech recognition},
  booktitle = {Int. Conf. Acoust. Speech, and Signal Processing},
  year = {2013},
  pages = {7092--7096}
}

@InProceedings{Erdogan2015phase,
  author =       {{H. Erdogan, J. Hershey, S. Watanabe,  and J. {Le Roux}}},
  title =        {Phase-sensitive and recognition-boosted speech separation using deep recurrent neural networks},
  booktitle =    {Proceedings of the IEEE International Conference on Acoustics, Speech, and Signal Processing},
  year =         2015,
  month =      {Apr.}
}

@incollection{T_Sainath_Book_Chapter_2017_1,
  author = {{T. Sainath, R. J. Weiss, K. W. Wilson, B. Li, A. Narayanan, E. Variani, M. Bacchiani, I. Shafran, A. Senior, K. Chin, A. Misra, and {\chanwcom}}},
  title = {{Raw Multichannel Processing Using Deep Neural Networks}},
  booktitle = {{New Era for Robust Speech Recognition: Exploiting Deep Learning}},
  editor      = {{S. Watanabe, M. Delcroix, F. Metze, and J. R. Hershey}},
  publisher   = {Springer},
  Year = {2017},
  month = {Oct.}
}

@phdthesis{C_Kim_PhDThesis_2010,
  Address = {Pittsburgh, PA USA},
  Author = {{\chanwcom}},
  Date-Added = {2010-08-26 17:50:21 -0400},
  Date-Modified = {2010-10-03 11:52:00 -0400},
  Month = {Dec.},
  School = {Carnegie Mellon University},
  Title = {Signal Processing for Robust Speech Recognition Motivated by Auditory Processing},
  Year = {2010}}

@MastersThesis{C_Kim_MSThesis_2001,
  author = {{\chanwcom}},
  title = {{Implementation of an Intonation and Pronunciation Checking System for Embedded Systems}},
  school = {{Seoul National University}},
  address = {Seoul, Korea},
  month = {Feb.},
  year = {2001},
}

@phdthesis{C_Kim_PhDThesis,
  Address = {Pittsburgh, PA USA},
  Author = {{\chanwcom}},
  Date-Added = {2010-08-26 17:50:21 -0400},
  Date-Modified = {2010-10-03 11:52:00 -0400},
  Month = {Dec.},
  School = {Carnegie Mellon University},
  Title = {Signal Processing for Robust Speech Recognition Motivated by Auditory Processing},
  Year = {2010}}

@phdthesis{K_Kumar_PhDThesis,
  Address = {Pittsburgh, PA USA},
  Author = {K. Kumar},
  Month = {May},
  School = {Carnegie Mellon University},
  Title = {A spectro-temporal framework for compensation of reverberation for speech recognition},
  Year = {2011}}

@article{TchorzKollmeier99,
  Author = {J. Tchorz and B. Kolllmeier},
  Date-Added = {2010-08-24 17:36:43 -0400},
  Date-Modified = {2010-08-24 17:37:52 -0400},
  Journal = {J. Acoust. Soc. Am.},
  Number = {4},
  Pages = {2040--2050},
  Title = {A model of auditory perception as front end for automatic speech recognition},
  Volume = {106},
  Year = {1999}}

@article{E_Breitenberger_Biometrika_1963,
  Author = {{E. Breitenberger}},
  Journal = {Biometrika},
  Number = {1/2},
  Pages = {81--88},
  Title = {{Analogues of the normal distribution on the circle and the sphere}},
  Volume = {50},
  Month = {June},
  Year = {1963}}

@inproceedings{A_Verma_eurosys_2015_1,
    title = {Large-scale cluster management at {Google} with {Borg}},
    author  = {Abhishek Verma and Luis Pedrosa and Madhukar R. Korupolu and David Oppenheimer and Eric Tune and John Wilkes},
    year  = {2015},
    booktitle = {Proceedings of the European Conference on Computer Systems (EuroSys)},
    address = {Bordeaux, France}
}

@inproceedings{g_pundak_interspeech_2016_00,
  author={{G. Pundak and T. N. Sainath}},
  title={{Lower Frame Rate Neural Network Acoustic Models}},
  year=2016,
  booktitle=interspeech,
  doi={10.21437/Interspeech.2016-275},
  url={http://dx.doi.org/10.21437/Interspeech.2016-275},
  pages={22--26}
}


@inproceedings{A_Verma_eurosys_2015_1,
    title = {Large-scale cluster management at {Google} with {Borg}},
    author  = {Abhishek Verma and Luis Pedrosa and Madhukar R. Korupolu and David Oppenheimer and Eric Tune and John Wilkes},
    year  = {2015},
    booktitle = {Proceedings of the European Conference on Computer Systems (EuroSys)},
    address = {Bordeaux, France}
}

@INPROCEEDINGS{k_han_icassp_2014_00,
author={K. Han, Y. Wang, and D. Wang},
booktitle=icassp,
title={Learning spectral mapping for speech dereverberation},
year={2014},
volume={},
number={},
pages={4628-4632},
keywords={neural nets;speech intelligibility;speech recognition;DNN;automatic speech recognition;deep neural networks;hearing-impaired listeners;speaker identification systems;spectral mapping;spectral representation;speech dereverberation;speech intelligibility;Reverberation;Spectrogram;Speech;Speech processing;System-on-chip;Time-frequency analysis;Training;Deep Neural Networks;Spectral Mapping;Speech Dereverberation},
doi={10.1109/ICASSP.2014.6854479},
ISSN={1520-6149},
month={May},}


@article{M_Schuster_ieee_trans_signal_processing_1997,
  title={Bidirectional recurrent neural networks},
  author={M. Schuster and K. Paliwal},
  journal={IEEE Transactions on Signal Processing},
  volume={45},
  number={11},
  pages={2673--2681},
  year={1997},
  publisher={IEEE}
}


@inproceedings{B_Gajic_Eurospeech_2001,
  Author = {B. Gajic and K. K. Paliwal},
  Booktitle = {Eurospeech-2001},
  Month = {Sept.},
  Pages = {591--594},
  Title = {Robust parameters for speech recognition based on subband spectral centroid histograms },
  Year = {2001}}

@inproceedings{a_narayanan_interspeech_2015_1,
  author  = {{A. Narayanan}},
  booktitle = {INTERSPEECH-2015},
  month = {Sept.},
  pages = {3571--3575},
  title = {Large-Scale, Sequence-Discriminative, Joint Adaptive Training for Masking-Based Robust ASR},
  year  = {2015},
}


@inproceedings{J_Thiemann_ICA_2013,
  Author = {{J. Thiemann, N. Ito, and E. Vincent}},
  Booktitle = {{Proc. 21st Int. Congr. on Acoust.}},
  Title = {The diverse environments multichannel acoustic
           noise database (DEMAND): A database of multichannel
           environmental noise recordings},
  Month = {June},
  Year = {2013}}



@inproceedings{C_Lemyre_ICASSP_2008,
  Author = {C. Lemyre and M. Jelinek and R. Lefebvre},
  Booktitle = {IEEE Int. Conf. on Acoustics, Speech, and Signal Processing},
  Month = {May},
  Pages = {4757--4760},
  Title = {New approach to voiced onset detection in speech signal and its application for frame error concealment},
  Year = {2008}}

@INPROCEEDINGS{R_Lippmann_icassp_1987_1,
  author={{R. Lippmann, E. Martin, and D. Paul}},
  booktitle={IEEE International Conference on Acoustics, Speech, and Signal Processing},
  title={Multi-style training for robust isolated-word speech recognition},
  year={1987},
  volume={12},
  number={},
  pages={705-708},
  keywords={Cepstral analysis;Degradation;Error analysis;Hidden Markov models;Noise shaping;Robustness;Speech enhancement;Speech recognition;Stress;Testing},
  doi={10.1109/ICASSP.1987.1169544},
  ISSN={},
  month={Apr},}

@INPROCEEDINGS{1169544,
  author={R. Lippmann, E. Martin, and D. Paul},
  booktitle={IEEE International Conference on Acoustics, Speech, and Signal Processing},
  title={Multi-style training for robust isolated-word speech recognition},
  year={1987},
  volume={12},
  number={},
  pages={705-708},
  keywords={Cepstral analysis;Degradation;Error analysis;Hidden Markov models;Noise shaping;Robustness;Speech enhancement;Speech recognition;Stress;Testing},
  doi={10.1109/ICASSP.1987.1169544},
  ISSN={},
  month={Apr},}



@inproceedings{H_Hermansky_ICASSP_2008,
Author = {H. Hermansky and F. Valente},
Booktitle = {IEEE Int. Conf. on Acoustics, Speech, and Signal Processing},
Month = {March},
Pages = {4165--4168},
Title = {Hierarchical and parallel processing of modulation spectrum for ASR applications},
Year = {2008}}


@inproceedings{M_Kleinschmidt_INTERSPEECH_2003,
Author = {M. Kleinschmidt },
Booktitle = {INTERSPEECH-2003},
Month = {Sept.},
Pages = {2573--2576},
Title = {Localized spectro-temporal features for automatic speech recognition},
Year = {2003}}

@inproceedings{K_Kumar_ICASSP_2011_1,
Author = {{K. Kumar, {\chanwcom}, and R. M. Stern}},
Booktitle = {IEEE Int. Conf. on Acoustics, Speech, and Signal Processing},
Month = {May},
Pages = {4784--4787},
Title = {Delta-spectral cepstral coefficients for robust speech recognition},
Year = {2011}}

@inproceedings{S_Y_Zhao_INTERSPEECH_2008,
Author = {S. Y. Zhao and N. Morgan },
Booktitle = {INTERSPEECH-2008},
Month = {Sept.},
Pages = {898--901},
Title = {Multi-stream spectro-temporal features for robust speech recognition},
Year = {2008}}


@inproceedings{S_Ganapathy_ICASSP_2010,
  Author = {{S. Ganapathy, S. Thomas, and H. Hermansky}},
  Booktitle = {IEEE Int. Conf. on Acoustics, Speech, and Signal Processing},
  Month = {March},
  Pages = {4286--4289},
  Title = {Robust spectro-temporal features based on autoregressive models of Hilbert envelopes},
  Year = {2010}}

%%%%%%%%%%%%%%%%%%%%%%%%%%%%%%%%%%%%%%%%%%%%%%%%%%%%%%%%%%%%%%%%%%%%%%%
%
% 2007
@inproceedings{E_A_Lehmann_ASPAA_2007,
Author = {{E. A. Lehmann, A. M. Johansson, and S. Nordholm}},
Booktitle = {2007 IEEE Workshop on Applications of Signal Processing to Audio and Acoustics},
Month = {Oct.},
Pages = {159--162},
Title = {Reverberation-time prediction method for room impulse responses simulated with the image-source model},
year = {2007}}

%%%%%%%%%%%%%%%%%%%%%%%%%%%%%%%%%%%%%%%%%%%%%%%%%%%%%%%%%%%%%%%%%%%%%%%
%
% 2006
@inproceedings{T_S_Gunawan_ICASSP_2006,
Author = {{T. S. Gunawan and E. Ambikairajah}},
Booktitle = {IEEE Int. Conf. on Acoustics, Speech, and Signal Processing},
Month = {May},
Pages = {149--152},
Title = {A New forward masking model and its application to speech enhancement},
Year = {2006}}


@article{S_R_M_Prasanna_IEEETran_Audio_Speech_Lang_Process_2009,
  Author = {{S. R. M. Prasanna and P. Krishnamoorthy}},
  Date-Added = {2010-08-22 20:53:13 -0400},
  Date-Modified = {2010-08-22 20:54:32 -0400},
  Journal = {IEEE Trans. Audio, Speech, and Lang. Process.},
  Month = {May},
  Number = {4},
  Pages = {556--565},
  Title = {Vowel onset point detection using source, spectral peaks, and modulation spectrum energies},
  Volume = {17},
  Year = {2009}}

@article{M_Heckmann_Speech_Comm_2011,
  Author = {{M. Heckmann, X. Domont, F. Joublin, and C. Goerick}},
  Journal = {Speech Communication},
  Month = {May-June},
  Number = {5},
  Pages = {736--752},
  Title = {A hierarchical framework for spectro-temporal feature extraction},
  Volume = {53},
  Year = {2011}}


@book{JelinekBook,
  Author = {F. Jelinek},
  Date-Added = {2010-07-30 16:38:54 -0400},
  Date-Modified = {2010-09-02 12:16:13 -0400},
  Publisher = {{MIT} Press},
  Title = {Statistical Methods for Speech Recognition (Language, Speech, and Communication)},
  Year = {1998}}

@phdthesis{peswarthesisjuly90,
  Address = {Indian Institute of Technology Madras},
  Author = {{P. Eswar}},
  Month = {{Jul.}},
  School = {Department of Computer Science and Engineering},
  Title = {A Rule-based Approach for Spotting Characters from Continuous Speech in Indian Languages},
  Type = {{PhD} Thesis},
  Year = {1990}}

@unpublished{rir,
  author = {{S. G. McGovern}},
  date-added = {2008-10-03 06:24:29 -0400},
  date-modified = {2008-10-03 06:25:59 -0400},
  note = {http://www.sgm-audio.com/research/rir/rir.html},
  title = {a model for room acoustics}}

@online{s_g_mcgovern_rir,
  author = {{S. G. McGovern}},
  url = {{http://www.sgm-audio.com/research/rir/rir.html}},
  title = {{a model for room acoustics}}}

@online{s_g_mcgovern_mathworks_file_exchange_2013_00,
  author = {{S. G. McGovern}},
  url = {{https://www.mathworks.com/matlabcentral/fileexchange/5116-room-impulse-response-generator}},
  title = {{room impulse response generator}},
}


@incollection{ColburnKulkarni05,
  Author = {H. S. Colburn and A. Kulkarni},
  Booktitle = {Sound Source Localization},
  Date-Added = {2009-04-18 22:19:39 -0400},
  Date-Modified = {2009-04-18 22:26:20 -0400},
  Editor = {A. N. Popper and R. R. Fay},
  Pages = {272--316},
  Publisher = {Springer-Verlag},
  Title = {Models of sound localization},
  Year = {2005}}

@incollection{Grantham95,
  Author = {W. Grantham},
  Booktitle = {Hearing},
  Date-Added = {2009-04-18 22:19:39 -0400},
  Date-Modified = {2009-04-18 22:26:20 -0400},
  Editor = {B. C. J. Moore},
  Pages = {297--345},
  Publisher = {Academic},
  Title = {Spatial hearing and related phenomena},
  Year = {1995}}

@incollection{SternTrahiotis92,
  Author = {R. M. Stern and C. Trahiotis},
  Booktitle = {Hearing},
  Date-Added = {2009-04-18 22:15:16 -0400},
  Date-Modified = {2009-04-18 22:26:37 -0400},
  Editor = {B. C. J. Moore},
  Pages = {347--386},
  Publisher = {Academic Press},
  Title = {Models of binaural interaction},
  Year = {2002}}

@article{N_Roman_JASA_2003_1,
  Author = {{N. Roman, D. Wang, and G. Brown}},
  Title = {Speech segregation based on sound localization},
  Journal = {{The Journal of the Acoustical Society of America}},
  Pages = {2236-2252},
  Volume = {114},
  Number = {4},
  Year = {2003}}

@article{SrinivasanEtAl06,
  Author = {{S. Srinivasan and M. Roman and DeL. Wang}},
  Date-Added = {2009-04-18 22:00:12 -0400},
  Date-Modified = {2009-04-19 01:50:47 -0400},
  Journal = {Speech Comm.},
  Pages = {1486--1501},
  Title = {Binary and ratio time-frequency masks for robust speech recognition},
  Volume = {48},
  Year = {2006}}

@incollection{SinghRajStern02,
  Author = {R. Singh and B. Raj and R. M. Stern},
  Booktitle = {Noise Reduction in Speech Applications},
  Date-Added = {2009-04-18 17:38:02 -0400},
  Date-Modified = {2009-04-18 17:39:50 -0400},
  Editor = {G. M. Davis},
  Pages = {245--275},
  Publisher = {CRC Press},
  Title = {Model compensation and matched condition methods for robust speech recognition},
  Year = {2002}}

@incollection{SinghSternRaj02,
  Author = {R. Singh and R. M. Stern and B. Raj},
  Booktitle = {Noise Reduction in Speech Applications},
  Date-Added = {2009-04-18 17:35:18 -0400},
  Date-Modified = {2009-04-18 17:42:01 -0400},
  Editor = {G. M. Davis},
  Pages = {219--244},
  Publisher = {CRC Press},
  Title = {Signal and feature compensation methods for robust speech recognition},
  Year = {2002}}

@inproceedings{YChiu08,
  Author = {Y.-H. Chiu and R. M Stern},
  Booktitle = {INTERSPEECH-08},
  Month = {{Sept.}},
  Pages = {1000-1003},
  Title = {Analysis of physiologically-motivated signal processing for robust speech recognition},
  Year = {2008}}

@phdthesis{ajrobinsonfeb1989,
  Address = {Cambridge University},
  Author = {{A. J. Robinson}},
  Month = {{Feb.}},
  School = {Engineering Department},
  Title = {Dynamic Error Propagation Networks},
  Type = {{PhD} Thesis},
  Year = {1989}}

@book{bscholkopfphdthesis1997,
  Address = {Munich, Germany},
  Author = {{B. Scholkopf}},
  Publisher = {R. Oldenbourg Verlag Publications},
  Title = {Support Vector Learning: {PhD} Thesis},
  Year = 1997}

@book{X_Huang_PrenticeHall_2001,
  Address = {Upper Saddle River, NJ},
  Author = {{X. Huang, A. Acero, H-W Won}},
  Publisher = {Prentice Hall},
  Title = {Spoken Language Processing: A Guide to Theory, Algorithm, and System Development},
  Year = 2001}

@book{X_Huang_SpokenLanguageProcessing_PrenticeHall_2001,
  Address = {Upper Saddle River, NJ},
  Author = {{X. Huang, A. Acero, H-W Won}},
  Publisher = {Prentice Hall},
  Title = {Spoken Language Processing: A Guide to Theory, Algorithm, and System Development},
  Year = 2001}

@book{bscholkopfphdthesis1997,
  Address = {Munich, Germany},
  Author = {{S. S. Stevens}},
  Publisher = {Life},
  Title = {Recognition of Complex Acoustic Signals},
  Year = 1997}

@book{SKMitra2001,
  Address = {New York, NY},
  Author = {{S. K. Mitra}},
  Publisher = {McGraw-Hill},
  Title = {Digital Signal Processing: A Computer-Based Approach},
  Year = 2001}

@book{A_Papoulis_McGrawHill_2002,
  Address = {New York, NY},
  Author = {{A Papoulis and S. U. Pillai}},
  Publisher = {McGraw-Hill},
  Title = {Probability, Random Variables and Stochastic Processes},
  Year = 2002}

@book{RVHogg2005,
  Address = {Upper Saddle River, NJ},
  Author = {{R. V. Hogg, A. Craig, and J. W. McKean}},
  Publisher = {Prentice-Hall},
  Title = {Introduction to Mathematical Statistics, 6th edition},
  Year = 2005}

@book{D_M_Green_Introduction_To_Hearing_1976,
  Address = {Hillsdale, NJ},
  Author = {{D. M. Green}},
  Publisher = {Lawrence Erlbaum Associates, Inc., Publishers},
  Title = {An Introduction to Hearing, 6th edition},
  Year = 1976}

@book{D_M_Green_Lawrence_Erlbaum_Associates_1976,
  Address = {Hillsdale, NJ},
  Author = {{D. M. Green}},
  Publisher = {Lawrence Erlbaum Associates, Inc., Publishers},
  Title = {An Introduction to Hearing, 6th edition},
  Year = 1976}

@book{LRRabiner1978,
  Address = {Englewood-Cliffs, NJ},
  Author = {{L. R. Rabiner and R. W. Schafer}},
  Publisher = {Prentice-Hall},
  Title = {Digital Processing of Speech Signals},
  Year = 1978}

@book{L_R_Rabiner_PrenticeHall_1978,
  Address = {Englewood-Cliffs, NJ},
  Author = {{L. R. Rabiner and R. W. Schafer}},
  Publisher = {Prentice-Hall},
  Title = {Digital Processing of Speech Signals},
  Year = 1978}

@book{A_V_Oppenheim_PrenticeHall_1999,
  Address = {Englewood-Cliffs, NJ},
  Author = {{A. V. Oppenheim and R. W.Scafer, with .J. R. Buck}},
  Publisher = {Prentice-Hall},
  Title = {Discrete-time Signal Processing},
  edition = 2,
  Year = 1998,
}

@phdthesis{pkirankumarthesisjuly2001,
  Address = {Indian Institute of Technology Madras},
  Author = {{P. Kiran Kumar}},
  Month = {{Jul.}},
  School = {Department of Computer Science and Engineering},
  Title = {{Texture Edge Extraction using One Dimensional Processing}},
  Type = {{MS} Thesis},
  Year = {2001}}

@phdthesis{anilkumarsaothesisjanuary2004,
  Address = {Indian Institute of Technology Madras},
  Author = {{Anil Kumar Sao}},
  Month = {{Jan.}},
  School = {Department of Computer Science and Engineering},
  Title = {{Significance of Image Representation for Face Recognition}},
  Type = {{MS} Thesis},
  Year = {2004}}

@phdthesis{srameshthesisjune2001,
  Address = {Indian Institute of Technology Madras},
  Author = {{S. Ramesh}},
  Month = {{Jun.}},
  School = {Department of Computer Science and Engineering},
  Title = {{Edginess Image for Face Recognition}},
  Type = {{MS} Thesis},
  Year = {2001}}

@phdthesis{spkthesisdecember2000,
  Address = {Indian Institute of Technology Madras},
  Author = {{S. P. Kishore}},
  Month = {{Dec.}},
  School = {Department of Computer Science and Engineering},
  Title = {{Speaker Verification using Autoassociative Neural Network Models}},
  Type = {{MS} Thesis},
  Year = {2000}}

@phdthesis{sharatthesisseptember2001,
  Address = {Indian Institute of Technology Madras},
  Author = {{K. Sharat Reddy}},
  Month = {{Sep.}},
  School = {Department of Computer Science and Engineering},
  Title = {{Source and System Features for Speaker Recognition}},
  Type = {{MS} Thesis},
  Year = {2001}}

@phdthesis{anjanithesis2000,
  Address = {Indian Institute of Technology Madras},
  Author = {{A. V. N. S. Anjani}},
  Month = {{Jun.}},
  School = {Department of Computer Science and Engineering},
  Title = {{Analysis of Autoassociative Neural Network Models for Processing Degraded Speech}},
  Type = {{MS} Thesis},
  Year = {2000}}

@phdthesis{anitamarythesis1998,
  Address = {Indian Institute of Technology Madras},
  Author = {{Anitha Mary Jacob}},
  Month = {{Sep.}},
  School = {Department of Computer Science and Engineering},
  Title = {{Feedforward Neural Network Models for Processing Degraded Speech}},
  Type = {{MS} Thesis},
  Year = {1998}}

@inbook{P_M_Zurek_DirectionalHearing_SpringerVerlag_1987,
  Address = {New York, NY},
  Author = {P. M. Zurek},
  Booktitle = {Directional Hearing},
  Chapter = {4},
  Editor = {W.A. Yost and G. Gourevitch},
  Pages = {85-105},
  Publisher = {Springer-Verlag},
  Title = {The precedence effect},
  Year = {1987}}

@phdthesis{jysrkthesis2000,
  Address = {Indian Institute of Technology Madras},
  Author = {{J. Y. Siva Rama Krishna Rao}},
  Month = {{May.}},
  School = {Department of Computer Science and Engineering},
  Title = {{Recognition of Consonant-Vowel (CV) Utterances using Modular Neural Network Models}},
  Type = {{MS} Thesis},
  Year = {2000}}

@phdthesis{shajitthesis1999,
  Address = {Indian Institute of Technology Madras},
  Author = {{M. Shajith Ikbal}},
  Month = {{May.}},
  School = {Department of Computer Science and Engineering},
  Title = {{Autoassociative Neural Network Models for Speaker Verification}},
  Type = {{MS} Thesis},
  Year = {1999}}

@article{L_Beranek_JASA_2006,
  Author = {{L. Beranek}},
  Journal = {The Journal of the Acoustical Society of America},
  Month = {{June}},
  Pages = {1399-1410},
  Title = {{Analysis of Sabine and Eyring equations and their application to concert hall audience and chair absorption.}}
  Volume = 120,
  Number = 3,
  Year = 2006}

@article{alexwaibelpetrageutnerlauramttanjasmonikaw2000,
  Author = {{A. Waibel, P. Geutner, L. M. Tomokiyo, T. Schultz, and M. Woszczyna}},
  Journal = proceedingsoftheieee,
  Month = {{Aug.}},
  Number = 8,
  Pages = {1297-1313},
  Title = {{Multilinguality in speech and spoken language systems}},
  Volume = 88,
  Year = 2000}

@article{achopdewesitelink,
  Author = {{A. Chopde}},
  Journal = {{Source, http://www.aczone.com/itrans/}},
  Title = {{ITRANS Indian Language Transliteration Package Version 5.2}}}

@article{J_K_Baker_IEEETransAcoustSpeechSignalProc_1975,
  Author = {{J. K Baker}},
  Journal = ieeeassp,
  Month = {{Feb.}},
  Number = 1,
  Pages = {24-29},
  Title = {{The dragon system - An overview}},
  Volume = 23,
  Year = 1975}

@article{J_K_Baker_IEEETransAcoustSpeechSignalProc_1975,
  Author = {{J. K Baker}},
  Journal = ieeeassp,
  Month = {{Feb.}},
  Number = 1,
  Pages = {24-29},
  Title = {{The dragon system - An overview}},
  Volume = 23,
  Year = 1975}


@article{F_Jelinek_ProceedingsOfIEEE_1976,
  Author = {{F. Jelinek}},
  Journal = {Proceedings of IEEE},
  Month = {{Apr.}},
  Number = 4,
  Pages = {532-556},
  Title = {{Continuous speech recognition by statistical methods}},
  Volume = 64,
  Year = 1976}

@standard{ITUT_G729B_1996,
  Address = {Geneva, Switzerland},
  Number = {G. 729, Annex B},
  Organization = {ITU-T},
  Title = {A silence compression scheme for G.729 optimized for terminals conforming to ITU-T V.70},
  Year = {1996}}




@article{E_Zwicker_JASA_1961,
  Author = {{E. Zwicker}},
  Journal = {{J. Acoust. Soc. Am.}},
  Month = {{Feb.}},
  Number = 2,
  Pages = {248-248},
  Title = {{Subdivision of the audible frequency range into critical bands}},
  Volume = 33,
  Year = 1961}

@article{E_Zwicker_JASA_1961,
  Author = {{E. Zwicker}},
  Journal = {{J. Acoust. Soc. Am.}},
  Month = {{Feb.}},
  Number = 2,
  Pages = {248-248},
  Title = {{Subdivision of the audible frequency range into critical bands}},
  Volume = 33,
  Year = 1961}

@article{J_Volkmann_JASA_1937,
  Author = {{J. Volkmann, S. S. Stevens, and E. B. Newman}},
  Journal = {{J. Acoust. Soc. Am.}},
  Month = {{Jan}},
  Number = 3,
  Pages = {208-208},
  Title = {{A scale for the measurement of the psychological magnitude pitch (A)}},
  Volume = 8,
  Year = 1937}

@article{MHeinzARLO2001,
  Author = {M. G. Heinz and X. Zhang and I. C. Bruce and L. H. Carney},
  Date-Modified = {2010-07-30 14:31:59 -0400},
  Journal = {Acoustics Research Letters Online},
  Month = {July},
  Number = 3,
  Pages = {91--96},
  Title = {Auditory-nerve model for predicting performance limits of normal and impaired listeners},
  Volume = 2,
  Year = 2001}

@article{J_Sohn_IEEESigProcLetters_1999,
  Author = {{J. Sohn, N. Kim, and W. Sung}},
  Journal = {{IEEE Signal Processing Letters}},
  Month = {{Jan.}},
  Number = 1,
  Pages = {1-3},
  Title = {{A statistical model-based voice activity detection}},
  Volume = 6,
  Year = 1999}

@article{J_Shin_PatternRecognitionLetters_2007,
  Author = {{J. Shin, J. Chang and N. Kim}},
  Journal = {{Pattern Recognition Letters}},
  Month = {{Aug.}},
  Number = 11,
  Pages = {1295-1299},
  Title = {{Voice activity detection based on a family of parametric distributions}},
  Volume = 28,
  Year = 2007}

@article{X_Zhang_JASA2001,
  Author = {{X. Zhang and M. G. Heinz and I. C. Bruce and L. H. Carney}},
  Date-Modified = {2010-08-24 17:55:07 -0400},
  Journal = {{J. Acoust. Soc. Am.}},
  Month = {{Feb.}},
  Number = 2,
  Pages = {648-670},
  Title = {{A phenomenological model for the responses of auditory-nerve fibers: I. Nonlinear tuning with compression and suppression}},
  Volume = 109,
  Year = 2001}

@article{ZhangJASA2001,
  Author = {{X. Zhang and M. G. Heinz and I. C. Bruce and L. H. Carney}},
  Date-Modified = {2010-08-24 17:54:48 -0400},
  Journal = {{J. Acoust. Soc. Am.}},
  Month = {{Feb.}},
  Number = 2,
  Pages = {648-670},
  Title = {{A phenomenological model for the responses of auditory-nerve fibers: I. Nonlinear tuning with compression and suppression}},
  Volume = 109,
  Year = 2001}

@electronic{D_Ellis_PLP_RASTA_2006,
  Author = {D. Ellis},
  Date-Modified = {2010-07-30 16:45:00 -0400},
  Title = {{PLP} and {RASTA} (and {MFCC}, and inversion) in {MATLAB} using melfcc.m and invmelfcc.m},
  Url = {http://labrosa.ee.columbia.edu/matlab/rastamat/},
  Year = {2006},
  Bdsk-Url-1 = {http://labrosa.ee.columbia.edu/matlab/rastamat/}}

@article{PaezIEETranComm1972,
  Author = {{S. C. Choi and R. Wette}},
  Journal = Technometrics,
  Month = {{Nov.}},
  Number = 4,
  Pages = {683-690},
  Title = {{Minimum-mean squared-error quantization in speech PCM and DPCM}},
  Volume = 11,
  Year = 1969}

@article{S_F_Boll_IEEE_ASSP_1979,
  Author = {{S. F. Boll}},
  Journal = {IEEE Trans. Acoust., Speech and Signal Processing},
  Month = {{Apr.}},
  Number = 2,
  Pages = {113-120},
  Title = {{Suppression of acoustic noise in speech using spectral subtraction}},
  Volume = 27,
  Year = 1979}

@article{SCChoiTechnometrics1969,
  Author = {{S. C. Choi and R. Wette}},
  Journal = Technometrics,
  Month = {{Nov.}},
  Number = 4,
  Pages = {683-690},
  Title = {{Maximum likelihood estimation of the paramters of the gamma distribution and their bias}},
  Volume = 11,
  Year = 1969}

@article{deshmukhganapathi99,
  Author = {{N. Deshmukh, A. Ganapathiraju, and J. Picone}},
  Journal = ieeespm,
  Month = {{Sep.}},
  Number = 5,
  Pages = {84-107},
  Title = {Hierarchical search for large-vocabulay conversational speech recognition},
  Volume = 16,
  Year = 1999}

@article{OViikkiSpeechComm1998,
  Author = {{O. Vikki, and K. Laurila}},
  Journal = {Speech Communication},
  Month = {{Aug.}},
  Pages = {133-147},
  Title = {Cepstral Domain Segmental Feature Vector Normalization for Noise Robust Speech Recognition},
  Volume = 25,
  Year = 1998}

@article{O_Viikki_SpeechComm_1998,
  Author = {{O. Vikki, and K. Laurila}},
  Journal = {Speech Communication},
  Month = {{Aug.}},
  Pages = {133-147},
  Title = {Cepstral domain segmental feature vector normalization for noise robust speech recognition},
  Volume = 25,
  Year = 1998}

@inproceedings{golomblawrandsej1991,
  Author = {{B. A. Golombo, D. T. Lawrence, and T. J. Sejnowski}},
  Booktitle = {{R.P.Lippmann et at., editor, Advances in Neural Information Processing Systems III (Denver), Morgan Kaufmann, San Mateo, CA}},
  Pages = {572-577},
  Title = {{SEXNET: A neural network identifies sex from human faces}},
  Year = 1991}

@inproceedings{eoja91,
  Author = {{E. Oja}},
  Booktitle = {{T. Kohonen, K. MaK Kisara, O. Simula, and J. Kangas, editor Artificial neural networks (pp. 737-745). Amsterdam: Elsevier}},
  Title = {{Data compression, feature extraction and autoassociation in feedforward neural networks}},
  Year = 1991}

@inproceedings{P_D_Patterson_AuditoryAndPerception_1992,
  Address = {{Oxford, UK}},
  Author = {{P. D. Patterson, K. Robinson, J. Holdsworth, D. McKeown, C. Zhang, and M. H. Allerhand}},
  Booktitle = {Auditory and Perception},
  Pages = {429-446},
  Publisher = {Y. Cazals, L. Demany, and K. Horner, (Eds), Pergamon Press},
  Title = {{Complex sounds and auditory images}},
  Year = 1992}

@inproceedings{W_D_NICHOLAS_EUSIPCO_2005,
  Address = {{Oxford, UK}},
  Author = {{W. D. Nicholas, J. S. Mason, Wei M. Liu, and Benoit Fauve}},
  Booktitle = {Auditory and Perception},
  Pages = {429-446},
  Publisher = {Y. Cazals, L. Demany, and K. Horner, (Eds), Pergamon Press},
  Title = {{On the fundamental limitation of spectral subtraction: an assessment by automatic speech recognition}},
  Year = 1992}

@article{VNSorokin1992,
  Author = {{V. N. Sorokin}},
  Journal = specom,
  Pages = {71-85},
  Title = {{Determination of Vocal tract shape for Vowels}},
  Volume = 11,
  Year = 1992}

@article{VNSorokin1994,
  Author = {{V. N. Sorokin}},
  Journal = specom,
  Pages = {249-262},
  Title = {{Inverse Problems for Fricatives}},
  Volume = 14,
  Year = 1994}

@article{greenberg99,
  Author = {{S. Greenberg}},
  Journal = specom,
  Month = {{Mar.}},
  Number = 1,
  Pages = {159-176},
  Title = {{Speaking in shorthand - A syllable-centric perspective for understanding pronunciation variation}},
  Volume = 29,
  Year = 1999}

@article{mgorillastrucciandgsoda96,
  Author = {{M. Gori, L. Lastrucci, and, G. Soda}},
  Journal = {{Pattern Recognition Letters}},
  Pages = {241-250},
  Title = {{Autoassociator-based models for speaker verification}},
  Volume = 17,
  Year = 1996}

@article{rarednerandhfwalker84,
  Author = {{R. A. Redner and H. F. Walker}},
  Journal = {{SIAM Review}},
  Pages = {195-239},
  Title = {{Mixture densities, maximum likelihood and the EM algorithm}},
  Volume = 26,
  Year = 1984}

@article{rmgray84,
  Author = {{R. M. Gray}},
  Journal = ieeeasspmagazine,
  Pages = {4-29},
  Title = {{Vector quantization}},
  Year = 1984}

@article{apdempsternmlairdanddbrubin77,
  Author = {{A. P. Dempster, N. M. Laird and D. B. Rubin}},
  Journal = {{Journal of Royal Statistical Society Series B (Methodological)}},
  Pages = {1-38},
  Title = {{Maximum likelihood from incomplete data via the EM algorithm}},
  Volume = 39,
  Year = 1977}

@article{yuewanglluomathewsykung2000,
  Author = {{Y. Wang, L. Luo, M. T. Freedman, and S. Y. Kung}},
  Journal = ieeetransnn,
  Month = {{May.}},
  Number = 3,
  Pages = {625-636},
  Title = {{Probabilistic principal component subspaces: A hierarchical finite mixture model for data visualization}},
  Volume = 11,
  Year = 2000}

@article{kvmadhumurthyandby1989,
  Author = {{K. V. Madhu Murthy and B. Yegnanarayana}},
  Journal = {{Signal Processing}},
  Month = {{Jun.}},
  Number = 2,
  Pages = {141-150},
  Title = {Effectiveness of representation of signals through group delay functions},
  Volume = {{17(2)}},
  Year = 1989}

@article{pmermelstein1975,
  Author = {{P. Mermelstein}},
  Journal = {J. Acoust. Soc. of Am.},
  Pages = {880-883},
  Title = {Automatic segmentation of speech into syllabic units},
  Volume = 58,
  Year = {Jan. 1975}}

@article{bhjuang85,
  Author = {{B. H. Juang}},
  Journal = {{AT \& T Bell Laboratories Technical Journal}},
  Number = 6,
  Pages = {1235-1249},
  Title = {{Maximum-likelihood estimation for mixture of multivariate stochastic observations of Markov chains}},
  Volume = 64,
  Year = {1985}}

@article{bydksandtrk1984,
  Author = {{B. Yegnanarayana, D. K. Saikia, and T. R. Krishnan}},
  Journal = ieeeassp,
  Month = {{Jun.}},
  Number = 3,
  Pages = {610-623},
  Title = {Significance of group delay functions in signal reconstruction from spectral magnitude or phase},
  Volume = 32,
  Year = 1984}

@article{waibelthanghintonkshikanoandjlang1989,
  Author = {{A. Waibel, T. Hanazawa, G. Hinton, K. Shikano, and K. J. Lang}},
  Journal = ieeeassp,
  Month = {{Mar.}},
  Pages = {328-339},
  Title = {{Phoneme recognition using time-delay neural networks}},
  Volume = 37,
  Year = 1989}

@article{hsakoe1998,
  Author = {{H. Sakoe}},
  Journal = ieeeassp,
  Pages = {588-595},
  Title = {{Two level DP-matching - A dynamic programming based pattern matching algorithm for connected word recognition}},
  Volume = {{ASSP-27}},
  Year = 1998}

@article{TVAnanthapadmanabhaandBYegnanarayana1979,
  Author = {{T. V. Ananthapadmanabha and B. Yegnanarayana}},
  Journal = ieeeassp,
  Month = {Aug.},
  Pages = {309-319},
  Title = {{Epoch Extraction from Linear Prediction Residual for Identification of Closed Glottis Interval}},
  Volume = {{ASSP-27}},
  Year = 1979}

@article{jpicone1990,
  Author = {{J. Picone}},
  Journal = ieeeasspmagazine,
  Month = {Jul.},
  Pages = {26-41},
  Title = {{Continuous speech recognition using hidden Markov modelling}},
  Volume = {{7}},
  Year = 1990}

@article{gcybenko1989,
  Author = {{G. Cybenko}},
  Journal = {{Math. Control Signals Systems}},
  Pages = {303-314},
  Title = {Approximation by superpositions of a sigmoidal function},
  Volume = 2,
  Year = 1989}

@article{S_S_Stevens_PsychologicalReview_1957,
  Author = {{S. S. Stevens}},
  Journal = {Psychological Review},
  Number = 3,
  Pages = {153-181},
  Title = {On the psychophysical law},
  Volume = 64,
  Year = 1957}

@article{SSStevens1957,
  Author = {{S. S. Stevens}},
  Journal = {Psychological Review},
  Number = 3,
  Pages = {153-181},
  Title = {On the psychophysical law},
  Volume = 64,
  Year = 1957}

@article{sbdavisandpm1980,
  Author = {{S. B. Davis and P. Mermelstein}},
  Journal = ieeeassp,
  Month = {{Aug.}},
  Number = 4,
  Pages = {357-366},
  Title = {Comparison of parametric representations for monosyllabic word recognition in continuously spoken sentences},
  Volume = 28,
  Year = 1980}

@article{Y_Obuchi_IEICE_2004,
  Author = {{Y. Obuchi,N. Hataoka, and R. M. Stern}},
  Journal = {IEICE Transactions on Information and Systems},
  Month = {{Apr.}},
  Number = 4,
  Pages = {1004-1011},
  Title = {{Normalization of time-derivative parameters for robust speech recognition in small devices}},
  Volume = {87-D},
  Year = 2004}

@article{YObuchi2004,
  Author = {{Y. Obuchi,N. Hataoka, and R. M. Stern}},
  Journal = {IEICE Transactions on Information and Systems},
  Month = {{Apr.}},
  Number = 4,
  Pages = {1004-1011},
  Title = {{Normalization of time-derivative parameters for robust speech recognition in small devices}},
  Volume = {87-D},
  Year = 2004}

@article{H_Park_SpeechComm_2009,
  Author = {{H. Park, and R. M. Stern}},
  Journal = {Speech Communication},
  Month = {{Jan.}},
  Number = 1,
  Pages = {15-25},
  Title = {{Spatial separation of speech signals using amplitude estimation based on interaural comparisons of zero crossings}},
  Volume = {51},
  Year = 2009}

@article{D_Kim_IEEETranSpeechAudioProcessing_1999,
  Author = {{D. Kim}},
  Journal = ieeetsaap,
  Month = {{Jan.}},
  Number = 1,
  Pages = {55-69},
  Title = {{Auditory processing of speech signals for robust speech recognition in real-world noisy environments}},
  Volume = 7,
  Year = 1999}

@article{B_Raj_SpeechComm_2004,
  Author = {{B. Raj, M. L. Seltzer, and R. M. Stern}},
  Journal = {Speech Communication},
  Month = {{Sept.}},
  Number = 4,
  Pages = {275-296},
  Title = {{Reconstruction of Missing Features for Robust Speech Recognition}},
  Volume = {43},
  Year = 2004}

@article{B_Raj_SigProcMag_2005,
  Author = {{B. Raj and R. M. Stern}},
  Journal = {IEEE Signal Processing Magazine},
  Month = {{Sept.}},
  Number = 5,
  Pages = {101-116},
  Title = {{Missing-Feature Methods for Robust Automatic Speech Recognition}},
  Volume = {22},
  Year = 2005}

@article{P_Aarabi_IEEETranSysManCyber_2005,
  Author = {{P. Arabi and G. Shi}},
  Journal = {IEEE Tran. Systems, Man, and Cybernetics-Part B:},
  Month = {{Aug.}},
  Number = 4,
  Pages = {1763-1773},
  Title = {{Phase-based dual-microphone robust speech enhancement}},
  Volume = {34},
  Year = 2004}

@article{yqiandbrhunt1993,
  Author = {{Y. Qi and B. R. Hunt}},
  Journal = ieeeassp,
  Month = {{Apr.}},
  Pages = {250-255},
  Title = {{Voiced-unvoiced-silence classification of speech using hybrid features and a network classifiers}},
  Volume = 1,
  Year = 1993}

@article{R_D_Patterson_JASA_1995,
  Author = {{Y. Qi and B. R. Hunt}},
  Journal = ieeeassp,
  Month = {{Apr.}},
  Pages = {250-255},
  Title = {{Voiced-unvoiced-silence classification of speech using hybrid features and a network classifiers}},
  Volume = 1,
  Year = 1993}

@article{S_Seneff_J_Phonetics_1988,
  Author = {{S. Seneff}},
  Journal = {J. Phonetics},
  Month = {{Jan.}},
  Number = 1,
  Pages = {55-76},
  Title = {{A joint synchrony/mean-rate model of auditory speech processing}},
  Volume = 16,
  Year = 1988}

@article{B_C_J_Moore_ActaAcustica_1996,
  Author = {{B. C. J. Moore and B. R. Glasberg}},
  Journal = {Acustica - Acta Acustica},
  Pages = {335-345},
  Title = {{A revision of Zwicker's loudness model}},
  Volume = 82,
  Year = 1996}

@article{B_C_J_Moore_JASA_1983,
  Author = {{B. C. J. Moore and B. R. Glasberg}},
  Journal = {{Journal of Acoustical Society of America}},
  Pages = {750-753},
  Title = {{Suggested formulae for calculating auditory-filter bandwidths and excitation patterns" Journal of the Acoustical Society of America}},
  Volume = 74,
  Year = 1983}


@article{B_C_J_Moore_JASA_1983,
  Author = {{B. C. J. Moore and B. R. Glasberg}},
  Journal = {{Journal of Acoustical Society of America}},
  Pages = {750-753},
  Title = {{Suggested formulae for calculating auditory-filter bandwidths and excitation patterns" Journal of the Acoustical Society of America}},
  Volume = 74,
  Year = 1983}

@article{J_O_Smith_IEEE_Trans_Speech_Audio_Process_1999,
  Author = {{J. O. Smith and J. S. Abel}},
  Journal = {{{IEEE} Trans. Speech Audio Process.}},
  Pages = {697-708},
  Title = {{Bark and ERB bilinear transforms}}
  Volume = {7},
  Number = {6},
  Month = {Nov.},
  Year = {1999}}

@article{G_Hinton_IEEE_Signal_Process_Mag_2012,
  Author = {{G. Hinton, L. Deng, D. Yu, G. E. Dahl, A. Mohamed, N. Jaitly, A. Senior, V. Vanhoucke, P. Nguyen, T. Sainath, and B. Kingsbury}},
  Title = {{Deep neural networks for acoustic modeling in speech recognition: The shared views of four research groups}},
  Journal = {IEEE Signal Processing Magazine},
  Volume = {29},
  Number={6},
  month = {Nov}.
  Year = 2012},
  Pages = {82-97}}

@inproceedings{V_Vanhoucke_Deep_Learning_NIPS_Workshop_2011,
  Author = {{V. Vanhoucke, A. Senior, and M. Z. Mao}},
  Title = {{Improving the speed of neural networks on CPUs}},
  Booktitle = {Deep Learning and Unsupervised Feature Learning NIPS Workshop},
  Year = {2011}}

@inproceedings{mjhuntandclefebvre1988,
  Author = {{M. J. Hunt and C. Lefebvre}},
  Booktitle = icassp,
  Month = {{May.}},
  Pages = {262-265},
  Title = {{Speaker dependent and independent speech recognition experiments with an auditory model}},
  Year = 1989}

@inproceedings{mjhuntandclefebvre1989,
  Author = {{M. J. Hunt and C. Lefebvre}},
  Booktitle = icassp,
  Month = {{May.}},
  Pages = {262-265},
  Title = {{A comparison of several acoustic representations for speech recognition with degraded and undegraded speech}},
  Year = 1989}

@inproceedings{gdoddington1989,
  Author = {{G. Doddington}},
  Booktitle = icassp,
  Month = {{May.}},
  Pages = {556-559},
  Title = {{Phonetically sensitive discriminants for improved speech recognition}},
  Year = 1989}

@inproceedings{cchandrasekharwfleektakedaandfitakura2003,
  Author = {{C. Chandra Sekhar, W. F. Lee, K. Takeda, and F. Itakura}},
  Booktitle = {{Porc. Workshop on Spoken Language Processing (Mumbai, India)}},
  Month = {{Jan.}},
  Pages = {79-86},
  Title = {{Acoustic modeling of subword units using support vector machines}},
  Year = 2003}

@inproceedings{cchandrasekharktfi2002,
  Author = {{C. Chandra Sekhar, K. Takeda, and F. Itakura}},
  Booktitle = icassp,
  Month = {{May.}},
  Title = {{Recognition of subword units of speech using support vector machines}},
  Year = 2002}

@inproceedings{cchandrasekharktfiijcnn2002,
  Author = {{C. Chandra Sekhar, K. Takeda, and F. Itakura}},
  Booktitle = {Proc. Int. Joint Conf. Neural Networks},
  Month = {{May.}},
  Pages = {577-582},
  Title = {{Close-class-set discrimination method for large-class-set pattern recognition using support vector machines}},
  Volume = {{1(3)}},
  Year = 2002}

@inproceedings{P_J_Moreno_ICASSP_1996,
  Author = {{P. J. Moreno, B. Raj, and R. M. Stern}},
  Booktitle = icassp,
  Month = {{May.}},
  Pages = {733-736},
  Title = {{A vector Taylor series approach for environment-independent speech recognition}},
  Year = 1996}

@inproceedings{R_M_Stern_ETRW_1997,
  Author = {{R. M. Stern, B. Raj, and P. J. Moreno}},
  Booktitle = {Proc. of the ESCA Tutorial and Research Workshop on Robust Speech Recognition for Unknown Communication Channels},
  Month = {{Apr.}},
  Pages = {33-42},
  Title = {{Compensation for environmental degradation in automatic speech recognition}},
  Year = 1997}
@inproceedings{S_Molau_ASRU_2001,
  Author = {{S. Molau, M. Pitz, and H. Ney}},
  Booktitle = {IEEE Workshop on Automatic Speech Recognition and Understanding},
  Month = {{Dec.}},
  Pages = {21-24},
  Title = {{Histogram based normalization in the acoustic feature space}},
  Year = 2001}
@inproceedings{T_Chen_ASRU_2001,
  Author = {{T. Chen, C. Huang, E. Chang, and J. Wang}},
  Booktitle = {IEEE Workshop on Automatic Speech Recognition and Understanding},
  Month = {{Dec.}},
  Pages = {343-346},
  Title = {{Automatic accent identification using Gaussian mixture models}},
  Year = 2001}
@inproceedings{H_Mirsa_ICASSP_2004,
  Author = {{H. Mirsa, S. Ikbal, H. Bourlard, and H. Hermansky}},
  Booktitle = {IEEE Int. Conf. Acoust. Speech, and Signal Processing},
  Month = {{May}},
  Pages = {193-196},
  Title = {{Spectral entropy based feature for robust ASR}},
  Year = 2004}

@inproceedings{SMolau2001,
  Author = {{S. Molau, M. Pitz, and H. Ney}},
  Booktitle = {Proc. of Automatic Speech Recognition},
  Month = {{Nov.}},
  Pages = {21-24},
  Title = {{Histogram based normalization in the acoustic feature space}},
  Year = 2001}

@inproceedings{BRaj_ICASSP1997,
  Author = {{B. Raj, V. N. Parikh, and R. M. Stern}},
  Booktitle = icassp,
  Month = {{Apr.}},
  Pages = {851-854},
  Title = {{The effects of background music on speech recognition accuracy}},
  Volume = {2},
  Year = 1997}

@inproceedings{B_Raj_ICASSP1997,
  Author = {{B. Raj, V. N. Parikh, and R. M. Stern}},
  Booktitle = icassp,
  Month = {{Apr.}},
  Pages = {851-854},
  Title = {{The effects of background music on speech recognition accuracy}},
  Volume = {2},
  Year = 1997}

@inproceedings{SDharanipragada2000,
  Author = {{S. Dharanipragada and M. Padmanabhan}},
  Booktitle = {Proc. Int Conf. Spoken Language Processing},
  Month = {{Oct.}},
  Pages = {556-559},
  Title = {{A nonlinear unsupervised adaptation technique for speech recognition}},
  Year = 2001}

@inproceedings{RBalchandran1998,
  Author = {{R. Balchandran and R. Mammone}},
  Booktitle = icassp,
  Month = {{May.}},
  Pages = {749-752},
  Title = {{Non-parametric estimation and correction of non-linear distortion in speech system}},
  Year = 1998}

@inproceedings{cchandrasekharktfiworkshopniagara2002,
  Author = {{C. Chandra Sekhar, K. Takeda, and F. Itakura}},
  Booktitle = {{Proc. Int. Workshop on Pattern Recognition using Support Vector Machines (Niagara Falls, Canada)}},
  Month = {{Aug.}},
  Pages = {171-185},
  Title = {{Recognition of consonant-vowel (CV) units of speech in a broadcast news corpus using support vector machines}},
  Year = 2002}

@inproceedings{ssharmadeskpjandhh2000,
  Author = {{S. Sharma, D. Ellis, S. Kajarekar, P. Jain, and H. Hermansky}},
  Booktitle = icassp,
  Month = {{Jun.}},
  Pages = {3380-3383},
  Title = {{Feature extraction using non-linear transformation for robust speech recognition on the AURORA database}},
  Year = 2000}

@inproceedings{hhermanskydpweandss2000,
  Author = {{H. Hermansky, D. P. W. Ellis, and S. Sharma}},
  Booktitle = icassp,
  Month = {{Jun.}},
  Pages = {3476-3479},
  Title = {{Tandem connectionist feature extraction for conventional HMM systems}},
  Year = 2000}

@inproceedings{hsawaiawaibelmmiyatakeandkshikano1989,
  Author = {{H. Sawai, A. Waibel, M. Miyatake, and K. Shikano}},
  Booktitle = icassp,
  Month = {{May.}},
  Pages = {25-28},
  Title = {{Spotting Japanese CV-syllables and phonemes using time-delay neural networks}},
  Year = 1989}

@inproceedings{srenalsandrrower1989,
  Author = {{S. Renals and R. Rohwer}},
  Booktitle = icassp,
  Month = {{May.}},
  Pages = {413-416},
  Title = {{Learning phoneme recognition using neural networks}},
  Year = 1989}

@inproceedings{sryoung1988,
  Author = {{S. R. Young}},
  Booktitle = icassp,
  Month = {{May.}},
  Pages = {441-444},
  Title = {{Speech recognition in VODIS II}},
  Year = 1988}

@inproceedings{lfissoreegiocliaplafacegmicalpieracciniandcrullent1988,
  Author = {{L. Fissore, E. Gioclia, P. Laface, G. Mica, L. Pieraccini, and C. Rullent}},
  Booktitle = icassp,
  Month = {{May.}},
  Pages = {414-417},
  Title = {{Experimental results on large vocabulary continuous speech recognition and understanding}},
  Year = 1988}

@inproceedings{twatanabe1983,
  Author = {{T. Watanabe}},
  Booktitle = icassp,
  Month = {{May.}},
  Pages = {320-323},
  Title = {{Segmentation free syllable recognition in continuously spoken Japanese}},
  Year = 1983}

@inproceedings{tWatanabe1986,
  Author = {{T. Watanabe}},
  Booktitle = icassp,
  Month = {{May.}},
  Pages = {2295-2298},
  Title = {{Syllable recognition for continuous Japanese speech recognition}},
  Year = 1986}

@inproceedings{yWatanabe1986,
  Author = {{Y. Watanabe}},
  Booktitle = icassp,
  Month = {{May.}},
  Pages = {2295-2298},
  Title = {{Syllable recognition for continuous Japanese speech recognition}},
  Year = 1986}

@inproceedings{aerosenbergrabinerlretc1981,
  Author = {{A. E. Rosenberg, L. R. Rabiner, S. E. Levinson, and J. Wilpon}},
  Booktitle = icassp,
  Month = {{May.}},
  Pages = {967-970},
  Title = {{A preliminary study on the use of demi-syllables in automatic speech recognition}},
  Year = 1981}

@inproceedings{kbrownandalgazi1989,
  Author = {{K. Brown and Algazi}},
  Booktitle = icassp,
  Month = {{May.}},
  Pages = {104-107},
  Title = {{Characterization of spectral and automatic speech recognition}},
  Year = 1989}

@inproceedings{jgwilponandbhjeung1987,
  Author = {{J. G. Wilpon and B. H. Jeung}},
  Booktitle = icassp,
  Month = {{May.}},
  Pages = {821-824},
  Title = {{An investigation on the use of acoustic subword units for automatic speech recognition}},
  Year = 1987}

@inproceedings{jgwilponbhjuangandlrrabiner1987,
  Author = {{J. G. Wilpon, B. H. Juang and L. R. Rabiner}},
  Booktitle = icassp,
  Month = {{May.}},
  Pages = {821-824},
  Title = {{An investigation on the use of acoustic subword units for automatic speech recognition}},
  Year = 1987}

@inproceedings{soroucus1987,
  Author = {{S. O. Roucus}},
  Booktitle = icassp,
  Month = {{May.}},
  Pages = {73-76},
  Title = {{A schochastic segment model for phoneme based continuous speech recognition}},
  Year = 1987}

@inproceedings{amcolla1982,
  Author = {{C. Scagliola}},
  Booktitle = icassp,
  Month = {{May.}},
  Pages = {2008-2011},
  Title = {{Continuous speech recognition by diphone spotting: A preliminary implementation}},
  Year = 1982}

@inproceedings{cscagliola,
  Author = {{C. Scaliola}},
  Booktitle = {{4^{th} FASE Symposium om Acoustics and Speech}},
  Month = {{May.}},
  Pages = .,
  Title = {{The use of Diphones as basic unit in speech recognition}},
  Year = 1984}

@inproceedings{epLoebandrflyon1987,
  Author = {{E. P. Loeb and R. F. Lyon}},
  Booktitle = icassp,
  Month = {{May.}},
  Pages = {1131-1134},
  Title = {{Experiments in isolated digit recognition with a cochlear model}},
  Year = 1987}

@inproceedings{GELBART_D_ASRU_2001,
  Author = {{D. Gelbart and N. Morgan}},
  Booktitle = {{IEEE Workshop on Automatic Speech Recognition and Understanding}},
  Pages = {103-106},
  Title = {{Evaluating long-term spectral subtraction for reverberant ASR}},
  Year = 2001}

@article{jmakhoul1975,
  Author = {{J. Makhoul}},
  Journal = {Proc. IEEE},
  Month = {{Apr.}},
  Pages = {561-580},
  Title = {Linear prediction: A tutorial review},
  Volume = 63,
  Year = 1975}

@article{lrraniner1989,
  Author = {{L. R. Rabiner}},
  Journal = {Proc. IEEE},
  Month = {Feb.},
  Pages = {257-286},
  Title = {{A tutorial on hidden Markov models and selected applications in speech recognition}},
  Volume = 77,
  Year = 1989}

@article{rummelhartetal1986,
  Author = {{D. E. Rummelhart, G. E. Hinton, and R. J. Williams}},
  Journal = {Nature},
  Month = {{Apr.}},
  Pages = {533-536},
  Title = {Learning representations by backpropagating errors},
  Volume = 323,
  Year = 1986}

@article{sfgalton1888,
  Author = {{S. F. Galton}},
  Journal = {Nature},
  Month = {{Jun.}},
  Pages = {173-177},
  Title = {{Personal identification and description - I}},
  Year = 1888}

@article{rplippmann1989,
  Author = {{R. P. Lippmann}},
  Journal = {{Neural Computation}},
  Month = {{Apr.}},
  Pages = {1-38},
  Title = {Review of neural networks for speech recognition},
  Volume = 1,
  Year = 1989}

@article{rplippmann1987,
  Author = {{R. P. Lippmann}},
  Journal = ieeeasspmagazine,
  Month = {{Apr.}},
  Pages = {4-22},
  Title = {An introduction to computing with neural nets},
  Volume = 4,
  Year = 1987}

@article{jallen1985,
  Author = {{J. Allen}},
  Journal = {Proc. IEEE},
  Month = {Nov.},
  Number = 11,
  Pages = {561-580},
  Title = {A perspective on man-machine communication by speech},
  Volume = 73,
  Year = 1985}

@article{drajreddy1976,
  Author = {{D. Raj Reddy}},
  Journal = {Proc. IEEE},
  Month = {{Apr.}},
  Pages = {501-531},
  Title = {Speech recognition by machine: A review},
  Volume = 64,
  Year = 1976}

@inproceedings{wyhuangandrplippmann1987,
  Author = {{W. Y. Huang and R. P. Lippmann}},
  Booktitle = {Proc. IEEE First Int. Conf. Neural Networks (San Diego, CA, USA)},
  Month = {{Jun.}},
  Pages = {485-493},
  Title = {Comparisons between conventional and neural net classifiers},
  Volume = {{IV}},
  Year = 1987}

@article{sfurui1981,
  Author = {{S. Furui}},
  Journal = ieeeassp,
  Month = {{Apr.}},
  Number = 2,
  Pages = {254-272},
  Title = {Cepstral analysis technique for automatic speaker recognition},
  Volume = 29,
  Year = 1981}

@phdthesis{rsundthesjan94,
  Address = {Indian Institute of Technology Madras},
  Author = {{R. Sundar}},
  Month = {{Jan.}},
  School = {Department of Computer Science and Engineering},
  Title = {Signal Processing for Recognition of Isolated Utterances of Speech Units},
  Type = {{PhD} Thesis},
  Year = {1994}}

@phdthesis{kfleeandhwhon1988,
  Address = {Carnegie-Mellon University},
  Author = {{K. F. Lee and H. W. Hon}},
  Month = {Mar.},
  School = {Department of Computer Science and Engineering},
  Title = {{Speaker-independent phone recognition using hidden Markov models}},
  Type = {{Tech. Rep CMU-CS-88-121}},
  Year = {1988}}

@phdthesis{ccthesisapril96,
  Address = {Indian Institute of Technology Madras},
  Author = {{C. Chandra Sekhar}},
  Month = {Apr.},
  School = {Department of Computer Science and Engineering},
  Title = {{Neural Network Models for Recognition of Stop Consonant-Vowel (SCV) Segments in Continuous Speech}},
  Type = {{PhD} Thesis},
  Year = {1996}}

@phdthesis{svgthesisfebruary2005,
  Address = {Indian Institute of Technology Madras},
  Author = {{Suryakanth V. Gangashetty}},
  Month = {Feb.},
  School = {Department of Computer Science and Engineering},
  Title = {{Neural Network Models for Recognition of Consonant-Vowel Units of Speech in Multiple Languages}},
  Type = {{PhD} Thesis},
  Year = {2005}}

@phdthesis{srmpthesismarch2004,
  Address = {Indian Institute of Technology Madras},
  Author = {{S. R. Mahadeva Prasanna}},
  Month = {Mar.},
  School = {Department of Computer Science and Engineering},
  Title = {{Event Based Analysis of Speech}},
  Type = {{PhD} Thesis},
  Year = {2004}}

@book{byannbook99,
  Address = {New Delhi},
  Author = {{B. Yegnanarayana}},
  Publisher = {Prentice-Hall of India},
  Title = {Artificial Neural Networks},
  Year = 1999}

@book{tjoachimsbook1998,
  Address = {Cambridge, MA, USA},
  Author = {{T. Joachims}},
  Publisher = {MIT Press},
  Title = {Making Large-scale SVM Learning Practical: Advances in Kernel Methods - Support Vector Learning},
  Year = 1998}

@book{svgccandbylnai2005,
  Address = {{Springer Lecture Notes in Artificial Intelligence (LNAI)}},
  Author = {{S. V. Gangashetty, C. Chandra Sekhar, and B. Yegnanarayana}},
  Publisher = {{in Marcos Fundez-Zanuy, ... (Eds.), {Nonlinear Analyses and Algorithms for Speech Processing (Revised Selected Papers from International Conference on Non-linear Speech Processing, NOLISP 2005, Barcelona, Spain, April 19-22) (ISBN 3-540-31257-9)}, pp. 303-317}},
  Title = {{Spotting Multilingual Consonant-Vowel Units of Speech using Neural Network Models}},
  Year = 2005}

@book{B_Gold_Speech_Wiley_2000,
  Address = {{New York}},
  Author = {{B. G. Gold and N. Morgan}},
  Publisher = {{John Wiley \& Sons, Inc.}},
  Title = {{Speech and Audio Signal Processing:Processing and Perception of Speech and Music}},
  Year = 2000}

@book{B_Gold_Speech_Audio_Signal_Processing_2000,
  Address = {{New York}},
  Author = {{B. G. Gold and N. Morgan}},
  Publisher = {{John Wiley \& Sons, Inc.}},
  Title = {{Speech and Audio Signal Processing:Processing and Perception of Speech and Music}},
  Year = 2000}

@book{BGoldNMorgan2000,
  Address = {{New York}},
  Author = {{B. G. Gold and N. Morgan}},
  Publisher = {{John Wiley \& Sons, Inc.}},
  Title = {{Speech and Audio Signal Processing:Processing and Perception of Speech and Music}},
  Year = 2000}

@book{bysvgandspalanivel2002,
  Address = {{World Scientific Publishing Co.}},
  Author = {{B. Yegnanarayana, S. V. Gangashetty, and S. Palanivel}},
  Publisher = {{in A. Ghosh \& S. K. Pal (Eds.), {\bf {Soft Computing Approach to Pattern Recognition and Image Processing (ISBN 981-238-251-8)}}, pp. 283-305}},
  Title = {{Autoassociative Neural Network Models for Pattern Recognition Tasks in Speech and Image}},
  Year = 2002}

@book{steveyounghtkbook99,
  Address = {Cambridge},
  Author = {{Steve Young et al.}},
  Publisher = {Entropic Ltd},
  Title = {{The HTK Book (for HTK Version 2.2)}},
  Year = 1999}

@book{kohonenbook97,
  Address = {{Berlin, Heidelberg}},
  Author = {T. Kohonen},
  Publisher = {Springer-Verlag},
  Title = {Self-Organizing Maps},
  Year = 1997}

@book{chinhuileefksoongandkuldipkpaliwalbook1996,
  Address = {Boston},
  Author = {{C. H. Lee, F. K. Soong, and K. K. Paliwal}},
  Publisher = {Kluwer Academic Publishers},
  Title = {Automatic speech and speaker recognition (Advanced topics)},
  Year = 1996}

@book{hbourlardandnm1994,
  Address = {Boston},
  Author = {{H. Bourlard and N. Morgan}},
  Publisher = {Kluwer Academic Publishers},
  Title = {{Connectionist Speech Recognition: A Hybrid Approach}},
  Year = 1994}

@book{bsramakrishnakknairvncbsavrrs1962,
  Address = {Ranchi, India},
  Author = {{B. S. Ramakrishna, K. K. Nair, V. N. Chiplunkar, B. S. Atal, V. Ramachandran, and R. Subramanian}},
  Publisher = {Catholic Press},
  Title = {{Some Aspects of the Relative Efficiencies of Indian Languages}},
  Year = 1962}

@inbook{dellerproakisandhansen99,
  Author = {J. R. Deller and J. G. Proakis and J. H. L. Hansen},
  Chapter = {8},
  Date-Modified = {2010-07-30 14:27:41 -0400},
  Publisher = {Wiley-IEEE Press},
  Title = {Discrete-Time Processing of Speech Signals},
  Year = 1999}

@book{dbfryposbook79,
  Address = {Cambridge},
  Author = {D. B. Fry},
  Publisher = {Cambridge University Press},
  Title = {The Physics of Speech},
  Year = 1979}

@book{simonnnbook99,
  Address = {{New Jersey}},
  Author = {{S. Haykin}},
  Publisher = {Prentice-Hall International},
  Title = {{Neural Networks: A Comprehensive Foundation}},
  Year = 1999}

@book{bernhardscholkopfcjcburgesandajsmola99,
  Address = {{Cambridge, Massachusetts}},
  Author = {{B. Scholkopf, C. J. C. Burges, and A. J. Smola}},
  Publisher = {The MIT Press},
  Title = {{Advances in Kernel Methods: Support Vector Learning}},
  Year = 1999}

@book{bernhardscholkopfandajsmola02,
  Address = {Cambridge, Massachusetts},
  Author = {{B. Scholkopf and A. J. Smola}},
  Publisher = {The MIT Press},
  Title = {{Learning with Kernels: Support Vector Machines, Regularization, Optimization, and Beyond}},
  Year = 2002}

@article{bernhardscholkopfajsmolaandkrmuller98,
  Author = {{B. Scholkopf, A. J. Smola, and K-R. Muller}},
  Journal = {{Neural Computation}},
  Number = 5,
  Pages = {1299-1319},
  Title = {{Nonlinear component analysis as a kernel eigenvalue problem}},
  Volume = 10,
  Year = 1998}

@article{krmullersmikagrktandbc01,
  Author = {{ K-R. Muller, S. Mika, G. Ratsch, K. Tsuda, and B. Scholkopf}},
  Journal = ieeetransnn,
  Month = {{Mar.}},
  Number = 2,
  Pages = {181-201},
  Title = {{An introduction to kernel-based learning algorithms}},
  Volume = 12,
  Year = 2001}

@article{christopherburges98,
  Author = {{C. Burges}},
  Journal = {{Data mining and knowledge discovery}},
  Number = 2,
  Title = {{A tutorial on support vector machines}},
  Volume = {{2(2)}},
  Year = 1998}

@book{dudaandheart73,
  Address = {{New York}},
  Author = {{R. O. Duda and P. E. Hart}},
  Publisher = {John Wiley and Sons, Inc.},
  Title = {{Pattern Classification and Scene Analysis}},
  Year = 1973}

@book{dudahartandstork2001,
  Address = {{New York}},
  Author = {{R. O. Duda, P. E. Hart, and D. G. Stork}},
  Publisher = {John Wiley and Sons, Inc.},
  Title = {{Pattern Classification}},
  Year = 2001}

@book{kfukunaga72,
  Address = {{New York}},
  Author = {{K. Fukunaga}},
  Publisher = {Academic Press.},
  Title = {{Introduction to Statistical Pattern Recognition}},
  Year = 1972}

@book{vnvapnik1995,
  Address = {{New York}},
  Author = {{V. N. Vapnik}},
  Publisher = {Springer-Verlag},
  Title = {{The Nature of Statistical Learning Theory}},
  Year = 1995}

@book{mtuceryanandakjain1998,
  Author = {{M. Tuceryan and A. K. Jain}},
  Publisher = {{World Scientific}},
  Title = {{Texture Analysis, Chapter 2.1}},
  Year = 1998}

@book{cmbishop95,
  Address = {{New York}},
  Author = {{C. M. Bishop}},
  Publisher = {Oxford University Press Inc.},
  Title = {Neural Networks for Pattern Recognition},
  Year = 1995}

@book{lrabinerandbhjuang93,
  Address = {Englewood Cliffs, New Jersey},
  Author = {{L. R. Rabiner and B.-H. Juang}},
  Date-Modified = {2010-07-30 15:16:35 -0400},
  Publisher = {PTR Prentice Hall},
  Title = {Fundamentals of Speech Recognition},
  Year = 1993}

@book{kfleebook1989,
  Author = {{K. F. Lee}},
  Publisher = {Kluwer},
  Title = {{Automatic Speech Recognition: The Development of the SPHINX System}},
  Year = 1989}

@book{diamantarasandkung96,
  Address = {New York},
  Author = {{K. I. Diamantaras and S. Y. Kung}},
  Publisher = {John Wiley and Sons, Inc.},
  Title = {Principal Component Neural Networks, Theory and Applications},
  Year = 1996}

@article{akjain2000,
  Author = {{A. K. Jain, R. P. W. Duin, and J. Mao}},
  Journal = ieeetpami,
  Month = {{Jan.}},
  Number = 1,
  Pages = {4-37},
  Title = {{Statistical Pattern Recognition: A Review}},
  Volume = 22,
  Year = 2000}

@article{dfdunnwehigginsandjwakeley1994,
  Author = {{D. F. Dunn, W. E. Higgins, and J. Wakeley}},
  Journal = ieeetpami,
  Month = {{Feb.}},
  Number = 2,
  Pages = {130-149},
  Title = {{Textute segmentation using 2-D Gabor elementary functions}},
  Volume = 16,
  Year = 1994}

@article{acbovikmclarkandwsgeisler1990,
  Author = {{A. C. Bovik, M. Clark, and W. S. Geisler}},
  Journal = ieeetpami,
  Month = {{Jan.}},
  Number = 1,
  Pages = {55-73},
  Title = {{Multichannel texture analysis using localized spatial filters}},
  Volume = 12,
  Year = 1990}

@article{SLiJTKwokHZhuandYWang2003,
  Author = {{S. Li, J. T. Kwok, H. Zhu, and Y. Wang}},
  Journal = {{Pattern Recognition}},
  Number = 12,
  Pages = {2883-2893},
  Title = {{Texture classification using support vecror machine}},
  Volume = 36,
  Year = 2003}

@article{TRandenandJHHusoy1999,
  Author = {{T. Randen, and J.H. Husoy}},
  Journal = ieeetpami,
  Number = 4,
  Pages = {291-310},
  Title = {{Filtering for texture classification: A comparative Study}},
  Volume = 21,
  Year = 1999}

@article{KIKimKJungSHParkandHJKim2002,
  Author = {{K. I. Kim, K. Jung, S. H. Park, and H. J. Kim}},
  Journal = ieeetpami,
  Number = 11,
  Pages = {1542-1550},
  Title = {{Support vector machines for texture classification}},
  Volume = 24,
  Year = 2002}

@article{KIKimKJungSHParkandKJKim2002,
  Author = {{K. I. Kim, K. Jung, S. H. Park, and K. J. Kim}},
  Journal = ieeetpami,
  Month = {{Nov.}},
  Number = 11,
  Pages = {1542-1550},
  Title = {{Support Vector Machines for Texture Classification}},
  Volume = 24,
  Year = 2002}

@article{kwanginkimkeechuljungsehyunparkandhangjoonkim2002,
  Author = {{Kwang In Kim, Keechul Jung, Se Hyun Park and Hang Joon Kim}},
  Journal = ieeetpami,
  Month = {{Nov.}},
  Number = 11,
  Pages = {1542-1550},
  Title = {{Support Vector Machines for Texture Classification}},
  Volume = 24,
  Year = 2002}

@article{tinkamhojjhullandsnsrihari1994,
  Author = {{T. K. Ho, J. J. Hull, and S. N. Srihari}},
  Journal = ieeetpami,
  Month = {{Jan.}},
  Number = 1,
  Pages = {66-75},
  Title = {{Decision combination in multiple classifier systems}},
  Volume = 16,
  Year = 1994}

@article{kittlerhatefduinandmatas98,
  Author = {{J. Kittler, M. Hatef, R. P. W. Duin, and J. Matas}},
  Journal = ieeetpami,
  Month = {{Mar.}},
  Number = 3,
  Pages = {226-239},
  Title = {On Combining Classifiers},
  Volume = 20,
  Year = 1998}

@article{kittlerandalkoot2003,
  Author = {{J. Kittler and F. M.Alkoot}},
  Journal = ieeetpami,
  Month = {{Jan.}},
  Number = 1,
  Pages = {110-115},
  Title = {Sum versus Vote Fusion in Multiple Classifier Systems},
  Volume = 25,
  Year = 2003}

@article{jianchangmaoakjain1995,
  Author = {{J. Mao and A. K. Jain}},
  Journal = ieeetransnn,
  Month = {{Mar.}},
  Number = 2,
  Pages = {296-317},
  Title = {Artificial Neural Networks for Feature Extraction and Multivariate Data Projection},
  Volume = 6,
  Year = 1995}

@article{hkasuyaandhwakita1979,
  Author = {{H. Kasuya and H. Wakita}},
  Journal = ieeeassp,
  Month = {{Aug.}},
  Number = 1,
  Pages = {319-327},
  Title = {An approach to segmenting speech into vowel and nonvowel-like intervals},
  Volume = 27,
  Year = 1979}

@article{kflee1990,
  Author = {{K. F. Lee}},
  Journal = ieeeassp,
  Month = {{Apr.}},
  Pages = {599-609},
  Title = {{Context-dependent phonetic hidden Markov models for speaker independent continuous speech recognition}},
  Volume = 38,
  Year = 1990}

@article{chleejgwilponlrrabinerandergoldman1990,
  Author = {{C. H. Lee, J. G. Wilpon, L. R. Rabiner, and E. R. Goldman}},
  Journal = ieeeassp,
  Month = {{Nov.}},
  Number = 11,
  Pages = {1870-1878},
  Title = {{Automatic recognition of keywords in unconstrained speech using hidden Markov models}},
  Volume = 38,
  Year = 1990}

@article{donalgsanddanielg1983,
  Author = {{D. G. Sinex and C. D. Geisler}},
  Journal = jasa,
  Month = {{Feb.}},
  Number = 2,
  Pages = {602-615},
  Title = {Responses of auditory-nerve fibres to consonant-vowel syllables},
  Volume = {{73(2)}},
  Year = 1983}

@article{ldendmlenningandpmermelstein1990,
  Author = {{L. Deng, M. Lennig, and. P. Mermelstein}},
  Journal = jasa,
  Month = {{Jun.}},
  Number = 6,
  Pages = {2738-2747},
  Title = {{Modeling microsegments of stop consonants in a hidden Markov model based word recognizer}},
  Volume = {{87(6)}},
  Year = 1990}

@article{lrrabinerbhjuangselevinsonandmmsondhi1985,
  Author = {{L. R. Rabiner, B. H. Juang, S. E. Levinson, and M. M. Sondhi}},
  Journal = {{AT \& T Technical Journal 64(4)}},
  Month = {{July-August.}},
  Pages = {1211-1233},
  Title = {{Recognition of isolated digits using hidden Markov models}},
  Year = 1985}

@article{chleelrrabinerrpieracciniandjgwilpon1990,
  Author = {{C. H. Lee, L. R. Rabiner, R. Pieraccini, and J. G. Wilpon}},
  Journal = {{Computer Speech and Language}},
  Month = {{Jan.}},
  Pages = {137-165},
  Title = {Acoustic modeling for large vocabulary speech recognition},
  Year = 1990}

@article{H_Hermansky_JASA_1990,
  Author = {H. Hermansky},
  Date-Modified = {2010-07-30 16:53:46 -0400},
  Journal = jasa,
  Month = {Apr.},
  Number = 4,
  Pages = {1738--1752},
  Title = {Perceptual linear prediction analysis of speech},
  Volume = {87},
  Year = 1990}

@article{H_Hermansky_IEEETransSpeechAudioProcess_1990,
  Author = {{H. Hermansky and N. Morgan}},
  Journal = {IEEE. Trans. Speech Audio Process.},
  Month = {{Oct.}},
  Number = 4,
  Pages = {578-589},
  Title = {{RASTA processing of speech}},
  Volume = {2},
  Year = 1994}

@article{S_Thomas_IEEE_signal_processing_letters_2008,
  Author = {{S. Thomas, S. Ganapathy, and H. Hermansky}},
  Journal = {IEEE Signal Processing Letters},
  Month = {{Nov.}},
  Pages = {681-684},
  Title = {{Recognition of reverberant speech using frequency domain linear prediction}},
  Volume = {15},
  Year = 2008}

@article{HHermanskyJASA1990,
  Author = {{H. Hermansky}},
  Date-Modified = {2010-07-31 00:00:43 -0400},
  Journal = jasa,
  Month = {{Apr.}},
  Number = 4,
  Pages = {1738-1752},
  Title = {{Perceptual linear prediction analysis of speech}},
  Volume = {87},
  Year = 1990}

@article{djhermes1990,
  Author = {{D. J. Hermes}},
  Journal = jasa,
  Month = {{Feb.}},
  Number = 2,
  Pages = {866-873},
  Title = {{Vowel-onset detection}},
  Volume = 87,
  Year = 1990}

@article{sadaokifurui1986,
  Author = {{S. Furui}},
  Journal = jasa,
  Month = {{Oct.}},
  Number = 4,
  Pages = {1016-1025},
  Title = {On the role of spectral transition for speech perception},
  Volume = {{80(4)}},
  Year = 1986}

@article{hbourlandandykamp1998,
  Author = {{H. Bourlard and Y. Kamp}},
  Journal = {Biological Cybernetics},
  Pages = {291-294},
  Title = {Auto-association by multilayer perceptrons and singular value decomposition},
  Volume = 59,
  Year = 1988}

@article{markakramer1991,
  Author = {{M. A. Kramer}},
  Journal = {{American Institute of Chemical Engineers (AIChE)}},
  Month = {{Feb.}},
  Number = 2,
  Pages = {233-243},
  Title = {Nonlinear principal component analysis using autoassociative neural networks},
  Volume = 37,
  Year = 1991}

@inproceedings{byspkandavnsa2000,
  Author = {{B. Yegnanarayana, S. P. Kishore, and A. V. N. S. Anjani}},
  Booktitle = {{Proc. Fifth Int. Conf. Cognitive and Neural Systems (Boston, USA)}},
  Month = {{May.}},
  Pages = {6 (A)},
  Title = {Neural network models for capturing probability distribution of training data},
  Year = 2000}

@inproceedings{svgvrandrjd1998,
  Author = {{S. V. Gangashetty, V. Ramaswamy, and R. J. D'Souza}},
  Booktitle = {Proc. National Conf. information and communication technology (INFOCOMTECH-2000), (J.N.VYAS University, Jodhpur, India)},
  Month = {{Mar.}},
  Title = {Fuzzy set theory approach for character recognition},
  Year = 1998}

@inproceedings{racole1986,
  Author = {{R. A. Cole}},
  Booktitle = icassp,
  Month = {{May.}},
  Pages = {2255-2258},
  Title = {{CMU-Phonetic classification system}},
  Year = 1986}

@inproceedings{wwardenbergjadupreezandmwcoetzer1992,
  Author = {{W. Wardenberg, J. A. Du Preez, and M. W. Coetzer}},
  Booktitle = icassp,
  Month = {{May.}},
  Pages = {585-588},
  Title = {{The automatic recognition of stop consonants using hidden Markov models}},
  Year = 1992}

@inproceedings{PJain2001,
  Author = {{P. Jain and H. Hermansky}},
  Booktitle = icassp,
  Month = {{May.}},
  Title = {{Improved mean and variance normalization for robust speech recognition}},
  Year = 2001}

@inproceedings{ldengandkerler1991,
  Author = {{L. Deng and K. Erler}},
  Booktitle = icassp,
  Month = {{Apr.}},
  Pages = {193-196},
  Title = {{Microstructural speech units and their HMM representation for discrete utterance speech recognition}},
  Year = 1991}

@inproceedings{PPujolICASSP2006,
  Author = {{P. Pujol, D. Macho, and C Nadeu}},
  Booktitle = icassp,
  Month = {{May.}},
  Pages = {773-776},
  Title = {{On real-time mean-and-variance normalization of speech recognition features}},
  Year = 2006}

@inproceedings{P_Pujol_ICASSP_2006,
  Author = {P. Pujol and D. Macho and C. Nadeu},
  Booktitle = icassp,
  Date-Modified = {2010-06-30 02:18:35 -0400},
  Month = {{May}},
  Pages = {773-776},
  Title = {On real-time mean-and-variance normalization of speech recognition features},
  Volume = 1,
  Year = {2006}}

@inproceedings{ylchowmodunhamoakimballmakrasnerandgfkubala1987,
  Author = {{Y. L. Chow, M. O. Dunham, O. A. Kimball, M. A. Krasner, and G. F. Kubala}},
  Booktitle = icassp,
  Month = {{Apr.}},
  Pages = {89-92},
  Title = {{BYBLOS: The BBN continuous speech recognition system}},
  Year = 1987}

@inproceedings{rschwartzychowokimballsroucosmkrasnerandjmakhoul1985,
  Author = {{R. Schwartz, Y. Chow, O. Kimball, S. Roucos, M. Krasner, and J. Makhoul}},
  Booktitle = icassp,
  Month = {{Apr.}},
  Pages = {1205-1208},
  Title = {{Context-dependent modeling for acoustic-phonetic recognition of continuous speech}},
  Year = 1985}

@inproceedings{lrrabinerjgwilponandfksoong1988,
  Author = {{L. R. Rabiner, J. G. Wilpon, and F. K. Soong}},
  Booktitle = icassp,
  Month = {{Apr.}},
  Pages = {119-122},
  Title = {{High performance connected digit recognition using hidden Markov models}},
  Year = 1988}

@inproceedings{aaverbuchetal1987,
  Author = {{A. Averbuch et al.}},
  Booktitle = icassp,
  Month = {{Apr.}},
  Pages = {1024-1027},
  Title = {{Experiments with the Tangora 20,000 word speech recognizer}},
  Year = 1987}

@inproceedings{twaardenburgjadpandmwcoetzer1992,
  Author = {{T. Waardenburg, J. A. D. Preez, and M. W. Coetzer}},
  Booktitle = icassp,
  Month = {{May.}},
  Pages = {585-588},
  Title = {{The automatic recognition of stop consonants using hidden Markov models}},
  Year = 1992}

@inproceedings{rcroseanddbpaul1990,
  Author = {{R. C. Rose and D. B. Paul}},
  Booktitle = icassp,
  Pages = {129-132},
  Title = {{A hidden Markov model based keyword recognition system}},
  Year = 1990}

@inproceedings{sroukosjrrohlicekwrusselandhhgish1989,
  Author = {{S. Roukos, R. Rohlicek, W. Russel, and H. Gish}},
  Booktitle = icassp,
  Month = {{May.}},
  Pages = {627-630},
  Title = {{Continuous hidden Markov modelling for speaker-independent word spotting}},
  Year = 1989}

@inproceedings{lrbahlfbrownpvdsandrlm1986,
  Author = {{L. R. Bahl, P. F. Brown, P. Souza, and R. L. Mercer}},
  Booktitle = icassp,
  Month = {{May.}},
  Pages = {49-52},
  Title = {{Maximum mutual information estimation of hidden Markov model parameters for speech recognition}},
  Year = 1986}

@inproceedings{kkpaliwal1990,
  Author = {{K. K. Paliwal}},
  Booktitle = icassp,
  Month = {{May.}},
  Pages = {429-432},
  Title = {{Neural net classifiers for robust speech recognition under noisy environment}},
  Year = 1990}

@inproceedings{abendiksenandksteiglitz1990,
  Author = {{A. Bendiksen and K. Steiglitz}},
  Booktitle = icassp,
  Month = {{May.}},
  Pages = {521-524},
  Title = {{Neural networks for voiced/unvoiced speech classification}},
  Year = 1990}

@inproceedings{fitakuraandtu1987,
  Author = {{F. Itakura and T. Umezaki}},
  Booktitle = icassp,
  Pages = {1257-1260},
  Title = {{Distance measure for speech recognition based on the smoothed group delay spectrum}},
  Year = 1987}

@inproceedings{dhklatt1980,
  Author = {{D. H. Klatt}},
  Booktitle = {Lea, W.A. (Ed.), Trends in Speech Recognition, Prentice Hall, Englewood Cliffs},
  Month = {{May.}},
  Pages = {249-270},
  Title = {{Overview of ARPA speech understanding project}},
  Year = 1980}

@inproceedings{skhyde1979,
  Author = {{S. R. Hyde}},
  Booktitle = {N. Rex Dixon and Thomas B. Martin, (Ed.), Automatic Speech and Speaker Recogniton, IEEE Press: New York},
  Month = {{May.}},
  Pages = {16-55},
  Title = {{Automatic speech recognition: A critical survey and discussion of the literature}},
  Year = 1979}

@inproceedings{mrschroeder1986,
  Author = {{M. R. Schroeder}},
  Booktitle = icassp,
  Month = {{May.}},
  Pages = {3157-3164},
  Title = {{Predictive coding of speech - Historical review and directions for future research}},
  Year = 1986}

@inproceedings{gduncanhamby1989,
  Author = {{G. Duncan, Hema A. Murthy, and B. Yegnanarayana}},
  Booktitle = icassp,
  Month = {{Apr.}},
  Pages = {572-575},
  Title = {{A non-parametric method of formant extraction using group delay spectra}},
  Year = 1989}

@inproceedings{oghitza1988,
  Author = {{O. Ghitza}},
  Booktitle = icassp,
  Month = {{Apr.}},
  Pages = {91-94},
  Title = {{Auditory neural feedback as a basis for speech processing}},
  Year = 1988}

@inproceedings{bhansonandhwakita1986,
  Author = {{B. Hanson and H. Wakita}},
  Booktitle = icassp,
  Month = {{May.}},
  Pages = {765-768},
  Title = {{On the use bandpass liftering in speech recognition}},
  Year = 1986}

@inproceedings{demoriandgioa83,
  Author = {{R. De Mori and A. Giordana}},
  Booktitle = icassp,
  Month = {{May.}},
  Pages = {316-319},
  Title = {Phonetic feature hypothesization in continuous speech},
  Year = 1983}

@inproceedings{spkandbyicassp2000,
  Author = {{S. P. Kishore and B. Yegnanarayana}},
  Booktitle = icassp,
  Month = {{Jun.}},
  Pages = {1101-1104},
  Title = {Speaker verification: Minimizing the channel effects using autoassociative neural network models},
  Year = 2000}

@inproceedings{aganapathirajujhamakarandjpiconeicslp2000,
  Author = {{A. Ganapathiraju, J. Hamakaer, and J. Picone}},
  Booktitle = {{Proc. Sixth Int. Conf. Spoken Language Processing (Beijing, China)}},
  Month = {{Oct.}},
  Pages = {504-507},
  Title = {{A hybrid ASR system using support vector machine}},
  Year = 2000}

@inproceedings{aganapathirajujhamakarandjpiconeicslp1998,
  Author = {{A. Ganapathiraju, J. Hamakaer, and J. Picone}},
  Booktitle = {{Proc. Int. Conf. Spoken Language Processing (Sydney, Australia)}},
  Month = {{Nov.}},
  Pages = {2923-2926},
  Title = {{Support vector machines for speech recognition}},
  Year = 1998}

@inproceedings{aganapathirajujhamakerandjpiconeicslp1998,
  Author = {{A. Ganapathiraju, J. Hamaker, and J. Picone}},
  Booktitle = {{Proc. Int. Conf. Spoken Language Processing (Sydney, Australia)}},
  Month = {{Nov.}},
  Pages = {2923-2926},
  Title = {{Support vector machines for speech recognition}},
  Year = 1998}

@inproceedings{mhochbergsrenalstrobinsonanddkershaw1994,
  Author = {{M. Hochberg, S. Renals, T. Robinson, and D. Kershaw}},
  Booktitle = {{Proc. Int. Conf. Spoken Language Processing (Yokahama, Japan)}},
  Month = {{Sep.}},
  Pages = {1499-1502},
  Title = {{Large vocabulary continuous speech recognition using a hybrid connectionist/HMM system}},
  Year = 1994}

@inproceedings{issambazzianddinakatabiicslp2000,
  Author = {{I. Bazzi and D. Katabi}},
  Booktitle = {{Proc. Sixth Int. Conf. Spoken Language Processing (Beijing, China)}},
  Month = {Oct.},
  Pages = {433-436},
  Title = {{Using support vector machines for spoken digit recognition}},
  Year = 2000}

@inproceedings{prclarksonandpjmoreno1999,
  Author = {{P. R. Clarkson and P. J. Moreno}},
  Booktitle = icassp,
  Month = {Mar.},
  Pages = {585-588},
  Title = {{On the use of support vector machines for phonetic classification}},
  Year = 1999}

@inproceedings{josephkeshetdanchazanandbzbobrovsky2001,
  Author = {{J. Keshet, D. Chazan, and B. Z. Bobrovsky}},
  Booktitle = {{Proc. Seventh European Conf. Speech Communication and Technology (Scandinavia)}},
  Month = {{Sep.}},
  Pages = {1637-1640},
  Title = {{Plosive spotting with margin classifiers}},
  Year = 2001}

@inproceedings{mkokkonenandktorkkola1989,
  Author = {{M. Kokkonen and K. Torkkola}},
  Booktitle = {{Proc. European Conf. Speech Communication and Technology}},
  Pages = {561-564},
  Title = {{Using self-organizing maps and multi-layer feed-forward nets to obtain phonetic transcriptions of spoken utterances}},
  Year = 1989}

@inproceedings{zliticheveranddchazan2001,
  Author = {{Z. Litichever and D. Chazan}},
  Booktitle = {{Proc. Seventh European Conf. Speech Communication and Technology (Scandinavia)}},
  Month = {{Sep.}},
  Pages = {1789-1792},
  Title = {{Classification of transition sounds with application to automatic speech recogniiton}},
  Year = 2001}

@inproceedings{svgandsrmpiccns2001,
  Author = {{S. V. Gangashetty and S. R. Mahadeva Prasanna}},
  Booktitle = {{Proc. Fifth Int. Conf. Cognitive and Neural Systems (Boston, USA)}},
  Month = {{May.}},
  Pages = {24},
  Title = {Significance of vowel onset point for speech recognition using neural network models},
  Year = 2001}

@inproceedings{ksrsvgandankiccns2003,
  Author = {{K. Sreenivasa Rao, S. V. Gangashetty, and A. Nayeemulla Khan}},
  Booktitle = {{Proc. Seventh Int. Conf. Cognitive and Neural Systems (Boston, USA)}},
  Month = {{May.}},
  Pages = {28},
  Title = {Distribution Capturing Ability of Autoassociative Neural Network Models for Recognition of Consonant-Vowel Utterances},
  Year = 2003}

@inproceedings{leenamaryksrsvgandbyiccns2004,
  Author = {{Leena Mary, K. Sreenivasa Rao, S. V. Gangashetty, and B. Yegnanarayana}},
  Booktitle = {{Proc. Eighth Int. Conf. Cognitive and Neural Systems (Boston, USA)}},
  Month = {{May.}},
  Pages = {9},
  Title = {Neural network models for capturing duration and intonation knowledge for language and speaker identification},
  Year = 2004}

@inproceedings{KSHareeshaSVGangashettyandVRamaswamyiccns2005,
  Author = {{K. S. Hareesha, S. V. Gangashetty, and V. Ramaswamy}},
  Booktitle = {{Proc. Ninth Int. Conf. Cognitive and Neural Systems (Boston, USA)}},
  Month = {{May.}},
  Pages = {10},
  Title = {Wavelet analysis for assessment of periodontal regenerative therapy},
  Year = 2005}

@inproceedings{RKumaraSwamyandSVGangashettyiccns2005,
  Author = {{R. Kumara Swamy and S. V. Gangashetty}},
  Booktitle = {{Proc. Ninth Int. Conf. Cognitive and Neural Systems (Boston, USA)}},
  Month = {{May.}},
  Pages = {23},
  Title = {Neural network models for categorization of audio data},
  Year = 2005}

@inproceedings{nist99,
  Author = {{B. Yegnanarayana}},
  Booktitle = {Proc. NIST 1999 Speaker Recognition Workshop},
  Month = {{Jun.}},
  Title = {{IIT Madras speaker verification system}},
  Year = 1999}

@inproceedings{nist2002,
  Author = {{B. Yegnanarayana}},
  Booktitle = {Proc. NIST 2002 Speaker Recognition Workshop},
  Month = {{May.}},
  Title = {{IIT Madras speaker verification system}},
  Year = 2002}

@inproceedings{byksreddyandspk2001,
  Author = {{B. Yegnanarayana, K. Sharat Reddy, and S. P. Kishore}},
  Booktitle = icassp,
  Month = {{Paper \# 475, May.}},
  Title = {{Source and system features for speaker recognition using AANN models}},
  Year = 2001}

@inproceedings{mshajitihemantmandby1999,
  Author = {{M. Shajith Ikbal, Hemant Mishra, and B. Yegnanarayana}},
  Booktitle = {Proc. Int. Joint Conf. Neural Networks (Washington DC, USA)},
  Month = {{Jun.}},
  Pages = {1101-1104},
  Title = {Analysis of autoassociative mapping neural networks},
  Year = 1999}

@inproceedings{spkbyandsvgijcnn2001,
  Author = {{S. P. Kishore, B. Yegnanarayana, and S. V. Gangashetty}},
  Booktitle = {Proc. IEEE Int. Joint Conf. Neural Networks (Washington DC, USA)},
  Month = {{Jul.}},
  Pages = {1548-1553},
  Title = {Online Text-Independent Speaker Verification System Using Autoassociative Neural Network Models},
  Volume = {{2}},
  Year = 2001}

@inproceedings{tleenmrudnickanddhammerstromincnn1990,
  Author = {{T. Leen, M. Rudnick, and D. Hammerstrom}},
  Booktitle = {Proc. Int. Joint Conf. Neural Networks (San Diego, CA, USA)},
  Month = {{Jun.}},
  Pages = {51-56},
  Title = {Hebbian Feature Discovery Improves Class Efficiency},
  Year = 1990}

@inproceedings{srmpsvgandbyiisc2001,
  Author = {{S. R. Mahadeva Prasanna, S. V. Gangashetty, and B. Yegnanarayana}},
  Booktitle = {{Proc. Signal Processing and Communication (IISC, Bangalore, India)}},
  Month = {{Jul.}},
  Pages = {81-88},
  Title = {{Significance of Vowel Onset Point for Speech Analysis}},
  Year = 2001}

@inproceedings{kshareeshasvgandvrjnnceshimoga2005,
  Author = {{K. S. Hareesha, S. V. Gangashetty, and V. Ramaswamy}},
  Booktitle = {{Proc. National Conference on Vision, Graphics and Image Processing (NVGIP-2005) JNNCE Shimoga (Karnataka, India)}},
  Month = {{Mar.}},
  Title = {{Template Based Approach for Face Recognition}},
  Year = 2005}

@inproceedings{rameshbekshareeshaandsvgsmitbangalore2005,
  Author = {{Ramesh. B. E., K. S. Hareesha, and S. V. Gangashetty}},
  Booktitle = {{Proc. National Conference on Recent Trends in Information Technology SMVIT Bangalore (Karnataka, India)}},
  Month = {{Aug.}},
  Title = {{Classification of Texture Images Using Gabor Features and Support Vector Machines}},
  Year = 2005}

@inproceedings{kshareeshasvgandvriicaipune2005,
  Author = {{K. S. Hareesha, S. V. Gangashetty, and V. Ramaswamy,}},
  Booktitle = {{Proc. Second Indian International Conference on Artificial Intelligence (IICAI-05) National Insurence Academy Pune (NIA Pune, Maharashtra)}},
  Month = {{Dec.}},
  Pages = {xxxx-xxxx},
  Title = {{Support Vector Machines for Face Recognition}},
  Year = 2005}

@inproceedings{bysrmpandsvgworkshop2001,
  Author = {{B. Yegnanarayana, S. R. Mahadeva Prasanna, and S. V. Gangashetty}},
  Booktitle = {Proc. Int. Workshop on Embedded Systems (Hyderabad, India)},
  Month = {{Dec.}},
  Title = {{Autoassociative neural network models for speaker recognition}},
  Year = 2001}

@inproceedings{svgccandbymlspieeeworkshop2004,
  Author = {{S. V. Gangashetty, C. Chandra Sekhar, and B. Yegnanarayana}},
  Booktitle = {Proc. IEEE Int. Workshop on Machine Learning for Signal Processing (Sao Luis, Brazil)},
  Month = {{Oct.}},
  Pages = {401-410},
  Title = {Spotting Consonant-Vowel Units in Continuous Speech using Autoassociative Neural Networks and Support Vector Machines},
  Year = 2004}

@inproceedings{SVGangashettyCChandraSekharandBYegnanarayananolisp2005,
  Author = {{S. V. Gangashetty, C. Chandra Sekhar, and B. Yegnanarayana}},
  Booktitle = {Proc. IEEE Third Int. Conf. (An ISCA Tutorial and Research Workshop) on Nonlinear Speech Processing (Barcelona, Spain)},
  Month = {{Apr.}},
  Pages = {287-297},
  Title = {Spotting Multilingual Consonant-Vowel Units of Speech using Neural Network Models},
  Year = 2005}

@inproceedings{vkartikdssatishandcchandrasekharnolisp2005,
  Author = {{V. Kartik, D. S. Satish, and C. Chandra Sekhar}},
  Booktitle = {to be presented in An ISCA Tutorial and Research Workshop on Nonlinear Speech Processing (Barcelona)},
  Month = {{Apr.}},
  Title = {Speaker Change Detection Using Support Vector Machines},
  Year = 2005}

@inproceedings{svgccandbyiconip2004,
  Author = {{S. V. Gangashetty, C. Chandra Sekhar, and B. Yegnanarayana}},
  Booktitle = {Submitted to Eleventh Int. Conf. Neural Information Processing (ICONIP - 2004) November 22-25, 2004 Science City, Calcutta},
  Title = {Combining Evidence from Multiple Classifiers for Recognition of Consonant-Vowel Units of Speech in Multiple Languages}}

@inproceedings{svgandbyijcnn2001,
  Author = {{S. V. Gangashetty and B. Yegnanarayana}},
  Booktitle = {Proc. IEEE Int. Joint Conf. Neural Networks (Washington DC, USA)},
  Month = {{Jul.}},
  Pages = {1542-1547},
  Title = {{Neural network models for recognition of consonant-vowel (C$^n$V) utterances}},
  Volume = {{2}},
  Year = 2001}

@inproceedings{bfreislebenandcabohn1993,
  Author = {{B. Freisleben and C. A. Bohn}},
  Booktitle = {Proc. Int. Joint Conf. Artificial Neural Nets, Springer-Verlag},
  Pages = {243-248},
  Title = {{Speaker-independent word recognition with backpropagation networks}},
  Year = 1993}

@inproceedings{ccandbyicnn1996,
  Author = {{C. Chandra Sekhar and B. Yegnanarayana}},
  Booktitle = {Proc. Int. Conf. Neural Networks},
  Month = {{Jun.}},
  Pages = {2003-2008},
  Title = {{Neural network models for spotting stop consonant-vowel (SCV) segments in continuous speech}},
  Year = 1996}

@inproceedings{jborellandns1992,
  Author = {{J. Borell and N. Strom}},
  Booktitle = {{Proc. Europian Speech Communication and Music Acoustics (ESCA) Workshop}},
  Month = {{Apr.}},
  Pages = {111-118},
  Title = {{A comparison of speech signal representations for speech recognition with hidden Markov models and artificial neural networks}},
  Year = 1992}

@inproceedings{jysrkccandby99,
  Author = {{J. Y. Siva Rama Krishna Rao, C. Chandra Sekhar, and B. Yegnanarayana}},
  Booktitle = {{Proc. Int. Conf. Advances in Pattern Recognition and Digital Techniques, Calcutta}},
  Month = {{Dec.}},
  Pages = {316-320},
  Title = {{Neural networks based approach for detection of vowel onset points}},
  Year = 1999}

@inproceedings{ccandjysrkrao99,
  Author = {{C. Chandra Sekhar and J. Y. Siva Rama Krishna Rao}},
  Booktitle = {Proc. National Conf. Communications (Kharagpur, India)},
  Month = {{Jan.}},
  Pages = {157-162},
  Title = {Multiple modular networks for recognition of utterances of Consonant-Vowel units},
  Year = 1999}

@inproceedings{peswarskgccbyandknr87,
  Author = {{P. Eswar, S. K. Gupta, C. Chandra Sekhar, B. Yegnanarayana, and K. Nagamma Reddy}},
  Booktitle = {Proc. European Conf. Speech Technology, Edinburgh},
  Month = {{Sep.}},
  Pages = {369-372},
  Title = {{An acoustic-phonetic expert for analysis and processing of continuous speech in {H}indi}},
  Year = 1987}

@inproceedings{ccandbyijcnn98,
  Author = {{C. Chandra Sekhar and B. Yegnanarayana}},
  Booktitle = {Proc. Int. Conf. Neural Networks (Alaska)},
  Month = {{May.}},
  Pages = {1206-1211},
  Title = {{Modular networks and constraint satisfaction model for recognition of {stop\_consonant-vowel} (SCV) utterances}},
  Year = 1998}

@article{Neeraj,
  Author = {{N. Deshmukh and A. Ganapathiraju and J. Picone}},
  Journal = {IEEE Signal Processing Magazine},
  Month = {{Sep.}},
  Number = 5,
  Pages = {84-107},
  Title = {Hierarchical search for large-vocabulary conversational speech recognition},
  Volume = 16,
  Year = 1999}

@article{ppraghuandby98,
  Author = {{P. P. Raghu and B. Yegnanarayana}},
  Journal = ieeetransnn,
  Month = {{May.}},
  Number = 3,
  Pages = {516-522},
  Title = {{Supervised texture classification using a probabilistic neural network and constraint satisfaction model}},
  Volume = 9,
  Year = 1998}

@article{EWoldTBlumDKeislarandJWheaton96,
  Author = {{E. Wold, T. Blum, D.Keislar, and J. Wheaton}},
  Journal = ieeemm,
  Month = {{Jul.}},
  Pages = {27-36},
  Title = {{Content-based classification, search, and retrieval of audio}},
  Volume = 3,
  Year = 1996}

@article{garciaandtziritas99,
  Author = {{C. Garcia and G. Tziritas}},
  Journal = ieeetransmm,
  Month = {{Sep.}},
  Pages = {264-276},
  Title = {{Face detection using quantized skin colour regions merging and wavelet packet analysis}},
  Volume = 1,
  Year = 1999}

@article{dgabor1946,
  Author = {{D. Gabor}},
  Journal = {{Journal of IEE}},
  Pages = {429-457},
  Title = {{Theory of communication}},
  Volume = 93,
  Year = 1946}

@article{jddaugman1985,
  Author = {{J. D. Daugman}},
  Journal = {{Journal of Optical Society of America (A)}},
  Month = {{Jul.}},
  Number = 7,
  Pages = {1160-1169},
  Title = {{Uncertainty relation for resolution in space, spatial frequency, and orientation optimized by two-dimensional visual cortical features}},
  Volume = 2,
  Year = 1985}

@article{mporatandyyzeevi1989,
  Author = {{M. Porat and Y. Y. Zeevi}},
  Journal = {{IEEE Transactions on Biomedical Engineering}},
  Month = {{Jan.}},
  Number = 1,
  Pages = {115-129},
  Title = {{Localized texture processing in vision: Analysis and synthesis in the Gaborian space}},
  Volume = 36,
  Year = 1989}

@article{dapollenandsfronner1983,
  Author = {{D. A. Pollen and S. F. Ronner}},
  Journal = {{IEEE Transactions on System, Man and Cybernetics}},
  Month = {{Sep.}},
  Number = 5,
  Pages = {907-916},
  Title = {{Visual cortical neurons as localized spatial frequency filters}},
  Volume = 13,
  Year = 1983}

@article{ppraghuandby96,
  Author = {{P. P. Raghu and B. Yegnanarayana}},
  Journal = ieeetransip,
  Month = {{Dec.}},
  Number = 12,
  Pages = {1625-1636},
  Title = {{Segmentation of Gabor-filtered textures using deterministic relaxation}},
  Volume = 5,
  Year = 1996}

@article{SSeneff88,
  Author = {{S. Seneff}},
  Date-Modified = {2010-06-30 02:25:13 -0400},
  Journal = {{J. Phonetics}},
  Month = {{Jan.}},
  Number = {1},
  Pages = {55--76},
  Title = {{A joint synchrony/mean-rate model of auditory speech processing}},
  Volume = {16},
  Year = 1988}

@article{tsouthardandksouthard1996,
  Author = {{T. Southard and K.Southard}},
  Journal = ieeetransbiomedicalengg,
  Number = 2,
  Pages = {123-132},
  Title = {{Detection of Simulated Osteoporosis in Maxillae using Radiographic Texture Analysis}},
  Volume = 43,
  Year = 1996}

@article{tcwangandnbkarayiannis1998,
  Author = {{T. C. Wang and N. B. Karayiannis}},
  Journal = ieeetransmedicalimaging,
  Number = 4,
  Pages = {498-509},
  Title = {{Detection of Microcalcifications in Digital Mammograms using Wavelets}},
  Volume = 17,
  Year = 1998}

@article{turkandpentland91,
  Author = {{M. Turk and A. Pentland}},
  Journal = {{Journal of Cognitive Neuroscience}},
  Number = 1,
  Pages = {71-86},
  Title = {{Eigenfaces for recognition}},
  Volume = 3,
  Year = 1991}

@article{skpalandsmitra1992,
  Author = {{S. K. Pal and S. Mitra}},
  Journal = ieeetransnn,
  Month = {{Sep.}},
  Number = 5,
  Pages = {683-697},
  Title = {{Multilayer perceptron, fuzzy sets, and classification}},
  Volume = 3,
  Year = 1992}

@article{pksimpson1992,
  Author = {{P. K. Simpson}},
  Journal = ieeetransnn,
  Month = {{Sep.}},
  Number = 5,
  Pages = {776-786},
  Title = {{Fuzzy min-max neural networks - Part 1: Classification}},
  Volume = 3,
  Year = 1992}

@book{derumelhartjlmpdpg86,
  Address = {MIT Press},
  Author = {{D. E Rumelhart, J. L. McClelland, and the PDP Research Group}},
  Publisher = {{vol. 1, Foundations}},
  Title = {Parallel and Distributed Processing: Exploring in the Microstructure of Cognition},
  Year = 1986}

@book{derumelhartpsmjlmgeh86,
  Address = {MIT Press},
  Author = {{D. E Rumelhart, P. Smolensky, J. L. McClelland, and G. E. Hinton}},
  Publisher = {{in Parallel and Distributed Processing. vol. 2, J. L. McClelland, D. E. Rumelhart, and the PDP Research Group, Eds.}},
  Title = {{Schemata and sequential thought processes in PDP models}},
  Year = 1986}

@book{derumelhartpsmjlmgehinshort86,
  Address = {MIT Press},
  Author = {{D. E Rumelhart, P. Smolensky, J. L. McClelland, and G. E. Hinton}},
  Publisher = {{in parallel and distributed processing: Exploring in the Microstructure of Cognition. vol. 2 (J. L. McClelland, D. E. Rumelhart, and the PDP Research Group, Eds.)}},
  Title = {{Schemata and sequential thought processes in PDP models}},
  Year = 1986}

@article{loizouandspanias1996,
  Author = {{P. C. Loizou and A. S. Spanias}},
  Journal = ieeetsaap,
  Month = {{Nov.}},
  Number = 6,
  Pages = {430-445},
  Title = {{High-performance alphabet recognition}},
  Volume = 4,
  Year = 1996}

@article{ccandbyCSM2002,
  Author = {{C. Chandra Sekhar and B. Yegnanarayana}},
  Journal = ieeetsaap,
  Month = {{Oct.}},
  Number = 7,
  Pages = {472-480},
  Title = {{A constraint satisfaction model for recognition of stop consonant-vowel (SCV) utterances}},
  Volume = 10,
  Year = 2002}

@article{PSatyanarayanaMurthyandBYegnanarayana1999,
  Author = {{P. Satyanarayana Murthy and B. Yegnanarayana}},
  Journal = ieeetsaap,
  Month = {{Nov.}},
  Number = 6,
  Pages = {609-619},
  Title = {{Robustness of Group-Delay-Based Method for Extraction of Significant Instants of Excitation from Speech Signal}},
  Volume = 7,
  Year = 1999}

@article{BYegnanarayanaandRNJVeldhus1998,
  Author = {{B. Yegnanarayana and R. N. J. Veldhus}},
  Journal = ieeetsaap,
  Month = {{Jul.}},
  Number = 4,
  Pages = {313-327},
  Title = {{Extraction of Vocal-Tract System Characteristics from Speech Signals}},
  Volume = 6,
  Year = 1998}

@article{SlaneyAuditoryToolbox2_1998,
  Author = {M. Slaney},
  Date-Modified = {2010-10-23 02:10:48 -0400},
  Journal = {Interval Research Corporation Technical Report},
  Number = 10,
  Title = {Auditory Toolbox Version 2},
  Url = {http://cobweb.ecn.purdue.edu/~malcolm/interval/1998-010/},
  Year = 1998,
  Bdsk-Url-1 = {http://cobweb.ecn.purdue.edu/~malcolm/interval/1998-010/}}

@article{MSlaneyApple1993,
  Author = {{M. Slaney}},
  Journal = {Apple Computer Technical Report},
  Number = 35,
  Title = {{An efficient implementation of the Patterson-Holdsworth auditory filter bank}},
  Volume = 1993,
  Year = 1993}

@article{MSlaney_Apple_Tech_1993,
  Author = {{M. Slaney}},
  Journal = {Apple Computer Technical Report},
  Number = 35,
  Title = {{An efficient implementation of the Patterson-Holdsworth auditory filter bank}},
  Volume = 1993,
  Year = 1993}

@article{byandspkalttogmm2002,
  Author = {{B. Yegnanarayana and S. P. Kishore}},
  Journal = journalnn,
  Month = {{Apr.}},
  Number = 3,
  Pages = {459-469},
  Title = {{AANN-An alternative to GMM for pattern recognition}},
  Volume = 15,
  Year = 2002}

@article{BAtal1974,
  Author = {{B. Atal}},
  Journal = {Journal of the Acoustical Society of America},
  Pages = {1304-1312},
  Title = {{Effectiveness of linear prediction characteristics of the speech wave for automatic speaker identification and verification}},
  Volume = 55,
  Year = 1974}

@article{srmpandby2001sc,
  Author = {{S. R. Mahadeva Prasanna and B. Yegnanarayana}},
  Journal = scsubmitted,
  Title = {{Detection of vowel onset point using source features}},
  Year = 2002}

@inproceedings{svgsrmpandbyicassp2002,
  Author = {{S. V. Gangashetty, S. R. Mahadeva Prasanna, and B. Yegnanarayana}},
  Booktitle = {Proc. IEEE Int. Conf. Acoust., Speech and Signal Processing (Orlando, Florida, USA)},
  Month = {{May.}},
  Pages = {{IV-4161}},
  Title = {{Linear and nonlinear compression of feature vectors for speech recognition}},
  Volume = {{4}},
  Year = 2002}

@inproceedings{svgccandbyicassp2003,
  Author = {{S. V. Gangashetty, C. Chandra Sekhar, and B. Yegnanarayana}},
  Booktitle = {Proc. IEEE Int. Conf. Acoust., Speech and Signal Processing (Hong Kong, China)},
  Month = {{Apr.}},
  Pages = {753-756},
  Title = {{Constraint satisfaction model for enhancement of evidence in recognition of consonant-vowel utterances}},
  Volume = {{2(6)}},
  Year = 2003}

@inproceedings{nhataokaaamanotaritsukaandaichikawa1990,
  Author = {{N. Hataoka, A. Amano, T. Aritsuka, and A. Ichikawa}},
  Booktitle = {Proc. IEEE Int. Conf. Acoust., Speech and Signal Processing},
  Month = {{Apr.}},
  Pages = {513-516},
  Title = {{Large vocabulary speech recognition using neural-fuzzy and concept networks}},
  Year = 1990}

@inproceedings{pdemichelislfissoreplafacegmiccaandepiccolo1989,
  Author = {{P. Demichelis, L. Fissore, P. Laface, G. Micca, and E. Piccolo}},
  Booktitle = {Proc. IEEE Int. Conf. Acoust., Speech and Signal Processing},
  Month = {{May.}},
  Pages = {314-317},
  Title = {{On the use of neural network for speaker independent isolated word recognition}},
  Year = 1989}

@inproceedings{tdharrisonandffallside1989,
  Author = {{T. D. Harrison and F. Fallside}},
  Booktitle = {Proc. IEEE Int. Conf. Acoust., Speech and Signal Processing},
  Month = {{May.}},
  Pages = {417-420},
  Title = {{A connectionist model for phoneme recognition in continuous}},
  Year = 1989}

@inproceedings{svgccandbyijcnn2004,
  Author = {{S. V. Gangashetty, C. Chandra Sekhar, and B. Yegnanarayana}},
  Booktitle = {Proc. IEEE Int. Joint Conf. Neural Networks (Budapest, Hungary)},
  Month = {{Jul.}},
  Pages = {3065-3069},
  Title = {{Acoustic model combination for recognition of speech in multiple languages using support vector machines}},
  Volume = {{4(4)}},
  Year = 2004}

@inproceedings{FHLiu1994,
  Author = {{F. -H. Liu, R. M. Stern, A. Acero, and P. J. Moreno}},
  Booktitle = {Proc. IEEE Int. Conf. Acoust., Speech, Signal Processing (Adelaide, Australia)},
  Month = {{Apr.}},
  Pages = {II/61-II/64},
  Title = {{Environment normalization for robust speech recognition using direct cepstral comparison}},
  Volume = {2},
  Year = 1994}

@inproceedings{A_Acero_ICASSP_1990,
  Author = {{A. Acero and R. M. Stern}},
  Booktitle = {Proc. IEEE Int. Conf. Acoust., Speech, Signal Processing (Albuquerque, NM)},
  Month = {{Apr.}},
  Pages = {849-852},
  Title = {{Environmental Robustness in Automatic Speech Recognition}},
  Volume = {2},
  Year = 1990}

@inproceedings{F_H_Liu_ICASSP_1994,
  Author = {{F. -H. Liu, R. M. Stern, A. Acero, and P. J. Moreno}},
  Booktitle = {Proc. IEEE Int. Conf. Acoust., Speech, Signal Processing (Adelaide, Australia)},
  Month = {{Apr.}},
  Pages = {II/61-II/64},
  Title = {{Environment normalization for robust speech recognition using direct cepstral comparison}},
  Volume = {2},
  Year = 1994}

@inproceedings{YOhshima1994,
  Author = {{Y. Yoshima and R. M. Stern}},
  Booktitle = {ICSLP-1994},
  Month = {{Sept.}},
  Pages = {1347-1350},
  Title = {Environmental robustness in automatic speech recognition using physiologically-motivated signal processing},
  Year = 1994}

@inproceedings{C_Teixeira_ICSLP_1996,
  Author = {{C. Teixeira, I. Trancoso, and A. Serralheiro}},
  Booktitle = {{Int. Conf. on Spoken Language Processing (ICSLP) 96}},
  Month = {Oct.},
  Pages = {1784-1787},
  Title = {{Accent identification}},
  Year = 1996}

@inproceedings{K_Kumpf_ICSLP_1996,
  Author = {{K. Kumpf and R. W. King}},
  Booktitle = {{Int. Conf. on Spoken Language Processing (ICSLP) 96}},
  Month = {Oct.},
  Pages = {1740-1743},
  Title = {{Automatic accent classification of foreign accented Australian English speech}},
  Year = 1996}

@inproceedings{S_Deshpande_AIAT_2005,
  Author = {{S. Deshpande, S. Chikkerur, and V. Govindaraju}},
  Booktitle = {{IEEE Workshop on Automatic Identification Advanced Technologies}},
  Month = {Oct.},
  Pages = {{139-143}},
  Title = {{Accent classification in speech}},
  Year = 2005}

@inproceedings{P_A_TORRES_CARRASQUILO_ODYSSEY_2004,
  Author = {{P. A. Torres-Carrasquillo, T. P. Gleason, and D. A. Reynolds}},
  Booktitle = {{ODYSSEY 2004 - The Speaker and Language Recognition Workshop}},
  Month = {May},
  Pages = {{297-300}},
  Title = {{Dialect identification using Gaussian Mixture Models}},
  Year = 2004}


@inproceedings{svgccandbyinterspeechicslp2004,
  Author = {{S. V. Gangashetty, C. Chandra Sekhar, and B. Yegnanarayana}},
  Booktitle = {Proc. Eighth Int. Conf. Spoken Language Processing (INTERSPEECH 2004 - ICSLP) (Jeju Island, Korea)},
  Month = {{Oct.}},
  Pages = {1081-1084},
  Title = {Detection of Vowel Onset Points in Continuous Speech using Autoassociative Neural Network Models},
  Year = 2004}

@inproceedings{svgccandbyicme2003,
  Author = {{S. V. Gangashetty, C. Chandra Sekhar, and B. Yegnanarayana}},
  Booktitle = {Proc. IEEE Int. Conf. Multimedia and Expo (Baltimore, Maryland, USA)},
  Month = {{ Jul.}},
  Pages = {201-204},
  Title = {{Constraint satisfaction model for enhancement of evidence in recognition of consonant-vowel utterances}},
  Volume = {{3(3)}},
  Year = {{2003 (Reprinted, Originally published in ICASSP 2003)}}}

@inproceedings{svgnayeemsrmpandby2002,
  Author = {{S. V. Gangashetty, A. Nayeemulla Khan, S. R. Mahadeva Prasanna, and B. Yegnanarayana}},
  Booktitle = {Proc. IEEE Int. Joint Conf. Neural Networks (Honolulu, Hawai, USA)},
  Month = {{May.}},
  Pages = {613-618},
  Title = {{Neural network models for preprocessing and discriminating utterances of consonant-vowel units}},
  Volume = {{1(3)}},
  Year = 2002}

@inproceedings{svgksrnayeemccandbyijcnn2003,
  Author = {{S. V. Gangashetty, K. Sreenivasa Rao, A. Nayeemulla Khan, C. Chandra Sekhar, and B. Yegnanarayana}},
  Booktitle = {Proc. IEEE Int. Joint Conf. Neural Networks (Portland, USA)},
  Month = {{Jul.}},
  Pages = {686-691},
  Title = {{Combining evidence from multiple modular networks for recognition of consonant-vowel units of speech}},
  Volume = {{1}},
  Year = 2003}

@inproceedings{nayeemsvgandsrajendran2002,
  Author = {{A. Nayeemulla Khan, S. V. Gangashetty, and S. Rajendran}},
  Booktitle = {Proc. Int. Conf. Natural Language Processing (Mumbai, India)},
  Month = {{Dec.}},
  Pages = {295-301},
  Title = {{Speech database for Indian languages - A preliminary study}},
  Year = 2002}

@inproceedings{nayeemsvgandbyicon2003,
  Author = {{A. Nayeemulla Khan, S. V. Gangashetty, and B. Yegnanarayana}},
  Booktitle = {Proc. Int. Conf. Natural Language Processing (Mysore, India)},
  Month = {{Dec.}},
  Pages = {125-134},
  Title = {{Syllabic properties of three Indian languages: Implications for speech recognition and language identification}},
  Year = 2003}

@inproceedings{ksrsvgandbyicon2003,
  Author = {{K. Sreenivasa Rao, S. V. Gangashetty, and B. Yegnanarayana}},
  Booktitle = {Proc. Int. Conf. Natural Language Processing (Mysore, India)},
  Month = {{Dec.}},
  Pages = {152-158},
  Title = {{Duration analysis for Telugu language}},
  Year = 2003}

@inproceedings{svgccandbyicapr2003,
  Author = {{S. V. Gangashetty, C. Chandra Sekhar, and B. Yegnanarayana}},
  Booktitle = {Proc. Fifth Int. Conf. Advances in Pattern Recognition (ISI Calcutta, India)},
  Month = {{Dec.}},
  Pages = {156-159},
  Title = {{Dimension reduction using autoassociative neural network models for recognition of consonant-vowel units of speech}},
  Year = 2003}

@inproceedings{nayeemsvgandbyicisip2004,
  Author = {{A. Nayeemulla Khan S. V. Gangashetty, and B. Yegnanarayana}},
  Booktitle = {Proc. IEEE Int. Conf. Intelligent Sensing and Information Processing (Chennai, India)},
  Month = {{Jan.}},
  Pages = {171-174},
  Title = {{Neural Network Preprocessor for Recognition of Syllables}},
  Year = 2004}

@inproceedings{svgccandbyicisip2004,
  Author = {{S. V. Gangashetty, C. Chandra Sekhar, and B. Yegnanarayana}},
  Booktitle = {Proc. IEEE Int. Conf. Intelligent Sensing and Information Processing (Chennai, India)},
  Month = {{Jan.}},
  Pages = {159-164},
  Title = {{Extraction of fixed dimension patterns from varying duration segments of consonant-vowel utterances}},
  Year = 2004}

@inproceedings{svgccandbyicisip2005,
  Author = {{S. V. Gangashetty, C. Chandra Sekhar, and B. Yegnanarayana}},
  Booktitle = {Proc. IEEE Int. Conf. Intelligent Sensing and Information Processing (Chennai, India)},
  Month = {{Jan.}},
  Pages = {387-391},
  Title = {Combining Evidence from Multiple Classifiers for Recognition of Consonant-Vowel Units of Speech in Multiple Languages},
  Year = 2005}

@inproceedings{svgandvr2000,
  Author = {{V. Ramaswamy and S. V. Gangashetty}},
  Booktitle = {Proc. The New Millennium Int. Conf. Pattern Recognition, Image Processing and Robot Vision (Terengganu Advanced Technical Institute, Terengganu Darul Iman, Malaysia)},
  Month = {{May.}},
  Pages = {31-48},
  Title = {{Application of fuzzy techniques to character recognition}},
  Year = 2000}

@inproceedings{cotrellatal1987,
  Author = {{G. W. Cottrell, P. Munro, and D. Zipser}},
  Booktitle = {Proc. $9^{th}$ Annual Conf. Cognitive science Society},
  Pages = {461-473},
  Title = {{Learning internal representations from grey-scale images: An example of extensional programming}},
  Year = 1987}

@article{nayeemsvgandby2001,
  Author = {{A. Nayeemulla Khan, S. V. Gangashetty, and B. Yegnanarayana}},
  Journal = icnlp,
  Title = {{Speech database for Indian Languages - A preliminary study}},
  Year = 2001}

@article{nayeemsvgandby2001,
  Author = {{A. Nayeemulla Khan, S. V. Gangashetty, and B. Yegnanarayana}},
  Journal = {{}},
  Title = {{Speaker Verification Using Adapted Gaussian Mixture Model}},
  Year = 2001}

@misc{M_Brookes_VoiceBox,
  author = {{Mike Brookes}},
  title = {{VOICEBOX: Speech Processing Toolbox for MATLAB}},
  howpublished = "\url{http://www.ee.ic.ac.uk/hp/staff/dmb/voicebox/voicebox.html}",
  note = "[Online; accessed 9-May-2014]"
}

@article{C_Kim_IEICE_2006,
  Author = {{{\chanwcom}, K. Seo, and W. Sung}},
  Journal = {{IEICE Trans. Information and Systems}},
  Month = {{June}},
  Number = 6,
  Pages = {1901-1905},
  Title = {{Efficient media synchronization method for video telephony system}},
  Volume = {E89-D},
  Year = 2006}

@article{C_Kim_EurasipJourn_2006,
  Author = {{{\chanwcom}, K. Seo, and W. Sung}},
  Journal = {{Eurasip Journ. on Applied Signal Processing}},
  Pages = {Article ID 67960, 16 pages},
  Title = {{A robust formant extraction algorithm combining spectral peak-picking and roots polishing}},
  Volume = {2006},
  Year = 2006}

@article{C_Kim_TransCE_2005,
  Author = {{{\chanwcom} and K. Seo}},
  Journal = {{IEEE Trans. Consumer Electronics}},
  Month = {{May}},
  Number = 2,
  Pages = {699-709},
  Title = {{Robust DTW-based recognition algorithm for hand-held consumer devices}},
  Volume = {51},
  Year = 2005}

@article{C_G_Clopper_LangSpeech_2009,
  Author = {{C. G. Clopper and A. R. Bradlow}},
  Journal = {{Lang Speech}},
  Month = {{Sept.}},
  Number = 3,
  Pages = {175-198},
  Title = {{Perception of dialect variation in noise: intelligibility and classification.}},
  Volume = {51},
  Year = 2009}



@article{B_E_D_Kingsbury_SpeechComm_1998,
  Author = {{B. E. D. Kingsbury, N. Morgan, and, S. Greenberg}},
  Journal = {{Speech Communication}},
  Month = {{Aug.}},
  Number = {1--3},
  Pages = {117--132},
  Title = {{Robust speech recognition using the modulation spectrogram}},
  Volume = {25},
  Year = 1998}

@article{R_Drullman_JASA_1994_2,
  Author = {{R. Drullman, J. M. Festen, and R. Plomp}},
  Journal = {{J. Acoust. Soc. Am.}},
  Month = {{May}},
  Number = {5},
  Pages = {2670-2680},
  Title = {{Effect of reducing slow temporal modulations on speech recognition}},
  Volume = 95,
  Year = 1994}

@article{U_H_Yapanel_SpeechComm_2008,
  Author = {{U. H. Yapanel and J. H. L. Hansen}},
  Journal = {{Speech Communication}},
  Month = {{Feb.}},
  Number = {2},
  Pages = {142-152},
  Title = {{A new perceptually motivated MVDR-based acoustic front-end (PMVDR) for robust automatic speech recognition}},
  Volume = 50,
  Year = 2008}

@article{U_H_Yapanel_SpeechComm_2008,
  Author = {{U. H. Yapanel and J. H. L. Hansen}},
  Journal = {{Speech Communication}},
  Month = {{Feb.}},
  Number = {2},
  Pages = {142-152},
  Title = {{A new perceptually motivated MVDR-based acoustic front-end (PMVDR) for robust automatic speech recognition}},
  Volume = 50,
  Year = 2008}

@article{R_Drullman_JASA_1994_1,
  Author = {{R. Drullman, J. M. Festen and R. Plomp}},
  Journal = {{J. Acoust. Soc. Am.}},
  Month = {{Feb.}},
  Number = 2,
  Pages = {1053-1064},
  Title = {{Effect of temporal envelope smearing on speech recognition}},
  Volume = 95,
  Year = 1994}

@inproceedings{M_Benitez_Eurospeech_2001,
  Author = {{M. C. Benitez, L. Burget, B. Chen, S. Dupont, H. Garudadri, H. Hermansky , P. Jain, S. Kajarekar, N. Morgan, S. Sivadas}},
  Booktitle = {EUROSPEECH-2001},
  Month = {Sept.},
  Pages = {429-432},
  Title = {Robust ASR front-end using spectral-based and discriminant features: experiments on the Aurora tasks},
  Year = 2001}

@article{A_Fazel_IEEETransAudioSpeechLangProc_2011,
  Author = {{A. Fazel and S. Chakrabartty}},
  Journal = {{IEEE Trans. Audio, Speech, Language Processing}},
  Title = {{Sparse auditory reproducing kernel (SPARK) features for noise-robust speech recognition }},
  Month = {Dec.},
  Year = "2011 (to appear)"}


@inproceedings{M_Harvilla_ICASSP_2012,
  Author = {{M. J. Harvilla and R. M. Stern}},
  Booktitle = {IEEE Int. Conf. Acoust. Speech Signal Processing},
  Month = {May},
  Title = {Histogram-based subband power warping and spectral averaging for robust speech recognition under matched and multistyle training},
  Year = "2012 (to appear)"}

@inproceedings{J_K_Siqueira_Conf_2011,
  Author = {{J. K. Siqueira and A. Alcaim}},
  Booktitle = {XXIX Simp\'{o}sio Brasileiro de Telecomunicaç\~{o}es},
  Month = {Oct.},
  Title = {Compara\c{c}\~{a}o dos Atributos MFCC, SSCH e PNCC para Reconhecimento Robusto de Voz Cont\'{i}nua},
  Year = "2011"}

@inproceedings{G_Sarosi_SpeD_2011,
  Author = {{G. S\'{a}rosi, M. Mozs\'{a}ry, P. Mihajlik, and T. Fegy\'{o}}},
  Booktitle = {Speech Technology and Human-Computer Dialogue (SpeD)},
  Month = {May},
  Pages = {1-8},
  Title = {Comparison of feature extraction methods for speech recognition in noise-free and in traffic noise environment},
  Year = 2011}

@inproceedings{G_Sarosi_COST2102_2010,
  Author = {{G. S\'{a}rosi, M. Mozs\'{a}ry, B. Tarj\'{a}n, A. Balog,  P. Mihajlik, and T. Fegy\'{o}}},
  Booktitle = {COST 2102 International Conference},
  Month = {Sept.},
  Pages = {199-213},
  Title = {Recognition of multiple language voice navigation queries in traffic situations},
  Year = 2010}

@inproceedings{F_Kelly_Eusipco_2010,
  Author = {{F. Kelly and N. Harte}},
  Booktitle = {EUSIPCO-2010},
  Month = {Aug},
  Pages = {1968-1972},
  Title = {A comparison of auditory features for robust speech recognition},
  Year = 2010}


@inproceedings{F_Kelly_ICPR_2010,
  Author = {{F. Kelly and N. Harte}},
  Booktitle = {International conference on pattern recognition},
  Month = {Aug.},
  Pages = {4456-4459},
  Title = {Auditory features revisited for robust speech recognition},
  Year = 2010}



@inproceedings{H_Zhang_ISCSLP_2010,
  Author = {{H. Zhang, X. Zhu, T-R Su, K-W. Eom, and J-W Lee}},
  Booktitle = {International symposium on Chinese spoken language processing},
  Month = {Dec},
  Pages = {233-237},
  Title = {Data-driven lexicon refinement using local and web resources for Chinese speech recognition},
  Year = 2010}

@INPROCEEDINGS{F_Muller_INTERSPEECH_2011,
  author = {F. M{\"u}ller and A. Mertins},
  title = {Noise robust speaker-independent speech recognition with invariant-integration features using power-bias subtraction},
  booktitle = {INTERSPEECH-2011},
  year = {2011},
  pages = {1677-1680},
  month = {Aug.}
}



@inproceedings{O_Viikki_ICASSP_1998,
  Author = {{O. Vikki, D. Bye, and K. Laurila}},
  Booktitle = icassp,
  Month = {May},
  Pages = {733-736},
  Title = {A recursive feature vector normalization approach for robust speech recognition in noise},
  Volume = 2,
  Year = 1998}

@inproceedings{H_Hirsh_ICASSP_1995,
  Author = {{H. G. Hirsch and C. Ehrlicher}},
  Booktitle = {IEEE Int. Conf. on Acoustics, Speech, and Signal Processing},
  Month = {May},
  Pages = {153-156},
  Title = {Noise estimation techniques or robust speech recognition},
  Year = {1995}}

@inproceedings{H_Hirsh_EUROSPEECH_1991,
  Author = {{H. G. Hirsch, P. Meyer , and H. W. Ruehl}},
  Booktitle = {EUROSPEECH '91},
  Month = {Sept.},
  Pages = {413-416},
  Title = {Improved speech recognition using high-pass filtering of subband envelopes},
  Year = {1991}}

@article{J_W_Strutt_PhilMag_1907,
  Author = {{J. W. Strutt (Lord Rayleigh)}},
  Journal = {{Philosophical Magazine}},
  Pages = {214-232},
  Title = {{On our perception of sound direction}},
  Volume = 13,
  Year = 1907}

@article{D_Kim_IEEE_Trans_SpeechAudioProcessing_1999,
  Author = {{D.-S. Kim, S.-Y. Lee, and R. M. Kil}},
  Journal = {{IEEE Trans. Speech and Audio Processing}},
  Number = 1,
  Pages = {55-69},
  Title = {{Auditory processing of speech signals for robust speech recognition in real-world noisy environments}},
  Volume = 7,
  Year = 1999}

@article{Y_Park_IEICE_ElectronicsExpress_2008,
  Author = {{Y. Park and H. Park}},
  Journal = {{IEICE Electronics Express}},
  Number = 24,
  Pages = {1054-1060},
  Title = {{Non-stationary sound source localization based on zero crossings with the detection of onset intervals}},
  Volume = 5,
  Year = 2008}

@inproceedings{K_D_Martin_ASPAA_1997,
  Author = {{K. D. Martin}},
  Booktitle = {IEEE ASSP Workshop on Applications of Signal Processing to Audio and Acoustics},
  Month = {{Oct.}},
  Title = {Echo suppression in a computational model of the precedence effect},
  Year = {1997}}

@inproceedings{D_Halupka_ICASSP_2005,
  Author = {{D. Halupka, S. A. Rabi, P. Aarabi, and A. Sheikholeslami}},
  Booktitle = {IEEE Int. Conf. on Acoustics, Speech, and Signal Processing},
  Month = {March},
  Pages = {v/149 - v/152},
  Title = {Real-time dual-microphone speech enhancement using field programmable gate arrays},
  Year = {2005}}

@inproceedings{R_Huang_ICASSP_2005,
  Author = {{R. Huang and J. H. L. Hansen}},
  Booktitle = {IEEE Int. Conf. on Acoustics, Speech, and Signal Processing},
  Month = {March},
  Pages = {535-588},
  Title = {{Dialect/Accent Classification via Boosted Word Modeling}},
  Year = {2005}}

@inproceedings{K_Kumar_ICASSP_2010,
  Author = {{K. Kumar and R. M. Stern}},
  Booktitle = {IEEE Int. Conf. on Acoustics, Speech, and Signal Processing},
  Month = {{March}},
  Title = {Maximum-likelihood-based cepstral inverse filtering for blind speech dereverberation},
  Year = {2010}}

@inproceedings{K_Kumar_ICASSP_2008,
  Author = {{K. Kumar and R. M. Stern}},
  Booktitle = {IEEE Int. Conf. on Acoustics, Speech, and Signal Processing},
  Month = {April},
  Title = {Environment-invariant compensation for reverberation using linear post-filtering for minimum distortion},
  Year = {2008}}

@inproceedings{X_Zhou_ICASSP_2010_1,
  Author = {{X. Zhou, C. Kwan, B. Ayhan, {\chanwcom} , K. Kumar, and R. M. Stern}},
  Booktitle = {IEEE Int. Conf. on Acoustics, Speech, and Signal Processing},
  Month = {{March}},
  Title = {A comparative study of spatial speech separation techniques to improve speech recognition},
  Year = {2010 (submitted)}}


@inproceedings{S_Molau_ASRU_2001,
  Author = {{S. Molau, M. Pitz, and H. Ney}},
  Booktitle = {IEEE Automatic Speech Recognition and Understanding Workshop},
  Month = {{Nov.}},
  Pages = {21-24},
  Title = {{Histogram based normalization in the acoustic feature space}},
  Year = 2001}

@standard{ETSI_AFE_ES_202_050,
  title  = "Speech Processing, Transmission and Quality Aspects (STQ); Distributed Speech Recognition; Advanced Front-end Feature Extraction Algorithm; Compression Algorithms",
  institution   = "European Telecommunications Standards Institute",
  address       = "Sophia-Antipolis Cedex, France",
  type   = "ES 202 050",
  revision      = "1.1.5",
  month  = "Jan. ",
  year   = "2007"
}

@inproceedings{A_Frina_AES_2000,
title = {{Simultaneous Measurement of Impulse Response and Distortion with a Swept-Sine Technique}},
  author = {A. Farina},
  booktitle = {Audio Engineering Society Convention 108},
  month = {Feb.},
  year = {2000},
  pages = {7121},
  url = {http://www.aes.org/e-lib/browse.cfm?elib=10211}
}

@inproceedings{T_Nekatani_ICASSP_2017_1,
  author = {{T. Nakatani, N. Ito, T. Higuchi, S. Araki, and  K. Kinoshita}},
  title = {{Integrating DNN-based and spatial clustering-based mask estimation for robust MVDR beamforming}},
  Booktitle = {IEEE Int. Conf. Acoust., Speech, Signal Processing},
  month = {March},
  year = {2017},
  pages={286-290},
}

@inproceedings{T_Higuchi_ICASSP_2016_1,
  author = {{T. Higuchi and N. Ito and T. Yoshioka and T. Nakatani}},
  title = {{Robust MVDR beamforming using time-frequency masks for online/offline ASR in noise}},
  Booktitle = {IEEE Int. Conf. Acoust., Speech, Signal Processing},
  month = {March},
  year = {2016},
  pages={5210-5214},
}

@inproceedings{H_Erdogan_INTERSPEECH_2016_1,
  author = {{H. Erdogan, J. R. Hershey, S. Watanabe, M. Mandel, J. Roux}},
  title = {{Improved MVDR Beamforming Using Single-Channel Mask Prediction Networks}},
  Booktitle = {INTERSPEECH-2016},
  month = {Sept},
  year = {2016},
  pages={1981--1985},
}

@inproceedings{B_King_INTERSPEECH_2017_1,
  author = {{B. King, I. Chen, Y. Vaizman, Y. Liu, R. Maas, S. Parthasarathi, B. Hoffmeister}},
  title = {{Robust Speech Recognition via Anchor Word Representations}},
  Booktitle = {INTERSPEECH-2017},
  month = {Aug.},
  year = {2017},
  pages = {2471--2475},
}

@inproceedings{T_Sainath_ICASSP_2015_1,
  author = {{T. N. Sainath, O. Vinyals, A. Senior, and H. Sak}},
  title = {{Convolutional, long short-term memory, fully connected deep neural networks}},
  booktitle = icassp,
  month = {Apr.},
  year = {2015},
  pages = {4580-4584},
}

@inproceedings{T_Sainath_ICASSP_2016_1,
  title = {{Factored spatial and spectral multichannel raw waveform CLDNNs}},
  author = {{T. Sainath, R. Weiss, K. Wilson, A. Narayanan, and  M. Bacchiani}},
  booktitle = {{IEEE Int. Conf. Acoust., Speech, Signal Processing}},
  month = {March},
  year = {2016},
  pages = {5075-5079},
}

@inproceedings{T_Sainath_INTERSPEECH_2015_1,
title = {{Learning the Speech Front-end With Raw Waveform CLDNNs}},
  author = {{T. Sainath, R. Weiss, K. Wilson, A. Narayanan, and  M. Bacchiani}},
  booktitle = {{INTERSPEECH-2015}},
  month = {Sept.},
  year = {2015},
  pages = {1-5},
}

@inproceedings{H_Sak_INTERSPEECH_2014_1,
  title = {{Long short-term memory recurrent neural network architectures for large scale acoustic modeling}},
  author = {{H. Sak, A. Senior, and F. Beaufays}},
  booktitle = {{INTERSPEECH-2014}},
  month = {Sept.},
  year = {2014},
  pages = {338-342},
}

@inproceedings{H_Sak_INTERSPEECH_2015_1,
  title = {{Fast and Accurate Recurrent Neural Network Acoustic Models for Speech Recognition}},
  author = {{H. Sak, A. Senior, K. Rao, and F. Beaufays}},
  booktitle = {{INTERSPEECH-2015}},
  month = {Sept.},
  year = {2015},
  pages = {1468-1472},
}

@inproceedings{E_Variani_INTERSPEECH_2017_01,
  author={{E. Variani, T. Bagby, E. McDermott, and M. Bacchiani}},
  title={{End-to-end training of acoustic models for large vocabulary continuous speech recognition with tensorflow}},
  year=2017,
  booktitle={{INTERSPEECH-2017}},
  pages={1641--1645},
  doi={10.21437/Interspeech.2017-1284},
  url={http://dx.doi.org/10.21437/Interspeech.2017-1284}
}



@inproceedings{E_Variani_INTERSPEECH_2016_1,
  title = {{Complex Linear Projection (CLP): A Discriminative Approach to Joint Feature Extraction and Acoustic Modeling}},
  author = {{E. Variani, T. Sainath, I. Shafran, and M. Bacchiani}},
  year  = 2016,
  month = {Sept.},
  booktitle={{INTERSPEECH-2016}},
  year = {2016},
  pages = {808-812},
}


@inproceedings{E_Variani_INTERSPEECH_2017_1,
  title = {{Complex Linear Projection (CLP): A Discriminative Approach to Joint Feature Extraction and Acoustic Modeling}},
  author = {{E. Variani, T. Sainath, I. Shafran, and M. Bacchiani}},
  year  = 2016,
  month = {Sept.},
  booktitle={{INTERSPEECH-2016}},
  year = {2016},
  pages = {808-812},
}

@article{C_Kim_IEEETran_2011_2,
  Author = {{\chanwcom} and R. M. Stern},
  Journal = {IEEE Trans. Audio, Speech, Lang. Process.},
  Title = {Sound Source Separation Algorithm Using Phase Difference Information and Automatic Selection
  of ITD Threshold (name needs to be revised)},
  Year = "(in submission)"}

% TODO (submitted)
@INPROCEEDINGS{c_kim_icassp_2018_00,
    author     = {{{\chanwcom}, T. Sainath, A. Narayanan, A. Misra, R. Nongpiur, and M. Bacchiani}},
    title = {{Spectral distortion model for training phase-sensitive deep-neural networks for far-field speech recognition}},
    booktitle = icassp,
    year      = "2018 (submitted)",
    month     = "April",
    _pages     = {{"TODO"}},
}

@INPROCEEDINGS{c_kim_icassp_2018_01,
    author     = {{{\chanwcom}, A. Menon, M. Bacchiani, and R. M. Stern}},
    title = {{Sound source separation using phase difference and reliable mask selection}},
    booktitle = icassp,
    year      = "2018 (submitted)",
    month     = "April",
    _pages     = {{"TODO"}},
}


@INPROCEEDINGS{r_nongpiur_icassp_2018_00,
    author     = "{R. C. Nongpiur, {\chanwcom}, and J. T. Linden}",
    title = {{Sound event detection using recurrent neural networks}},
    booktitle = icassp,
    year      = "2018 (submitted)",
    month     = "April",
    _pages     = {{"TODO"}},
}

@INPROCEEDINGS{a_menon_icassp_2018_00,
    author     = "{A. Menon, {\chanwcom}, R. M. Stern}",
    title = {{Interaural coherence-based processing for robust recognition of reverberant and noisy speech}},
    booktitle = icassp,
    year      = "2018 (submitted)",
    month     = "April",
    _pages     = {{"TODO"}},
}


% End of TODO(submitted)



@INPROCEEDINGS{A_Menon_ASRU_2017_1,
    author     = "{A. Menon, {\chanwcom}, U. Korokawa, R. M. Stern}",
    title = {{Binural processing for robust recognition of degraded speech}},
    booktitle = "IEEE Automatic Speech Recognition Workshop",
    year      = "2017 (accepted)",
    month     = "Dec.",
    _pages     = {{"TODO"}},
}

@INPROCEEDINGS{A_Menon_INTERSPEECH_2017_1,
    author     = "{A. Menon, {\chanwcom}, and R. M. Stern}",
    title = {{Robust Speech Recognition Based on Binaural Auditory Processing}},
    booktitle = "INTERSPEECH-2017",
    year      = "2017",
    month     = "Aug.",
    pages     = {{3872-3876}},
}


@INPROCEEDINGS{C_Kim_INTERSPEECH_2017_1,
    author     = "{{\chanwcom}, A. Misra, K.K. Chin, T. Hughes, A. Narayanan, T. Sainath, and M. Bacchiani}",
    title = {{Generation of simulated utterances in virtual rooms to train deep-neural networks for far-field speech recognition in Google Home}},
    booktitle = "INTERSPEECH-2017",
    year      = "2017",
    month     = "Aug.",
    pages     = {{379-383}},
}

@INPROCEEDINGS{C_Kim_INTERSPEECH_2017_2,
    author     = "{{\chanwcom}, A. Narayanan, A. Misra, R. Nongpiur, and M. Bacchiani}"
    title = {{Phase distortion model for training phase-sensitive deep-neural networks for far-field speech recognition}},
    booktitle = "INTERSPEECH-2017",
    year      = "2017",
    month     = "Aug. (submitted)",
    _pages     = {{TODO}},
}

@INPROCEEDINGS{B_Li_INTERSPEECH_2017_1,
    author     = "{{B. Li, T. Sainath, A. Narayanan, J. Caroselli, M. Bacchiani, A. Misra, I. Shafran, H. Sak, G. Pundak, K. Chin, K-C Sim, R. Weiss, K. Wilson, E. Variani, {\chanwcom}, O. Siohan, M. Weintraub, E. McDermott,  R. Rose, and M. Shannon}}",
    title = {{Acoustic modeling for Google Home}},
    booktitle = "INTERSPEECH-2017",
    year      = "2017",
    month     = "Aug.",
    pages     = {{399-403}},
}

@INPROCEEDINGS{C_Kim_INTERSPEECH_2015,
    author    = "{{\chanwcom} and K. Chin}",
    title     = "Sound source separation algorithm using phase difference and angle distribution modeling near the target",
    booktitle = "INTERSPEECH-2015",
    year      = "2015",
    month     = "Sept.",
    pages     = {751-755},
}

@INPROCEEDINGS{C_Kim_INTERSPEECH_2015_1,
    author    = "{{\chanwcom} and K. K. Chin}",
    title     = "Sound source separation algorithm using phase difference and angle distribution modeling near the target",
    booktitle = "INTERSPEECH-2015",
    year      = "2015",
    month     = "Sept.",
    pages     = {751-755},
}

@article{T_Sainath_IEEETran_2017_1,
  Author = {{T. Sainath, R. J. Weiss, K. W. Wilson, B. Li, A. Narayanan, E. Variani, M. Bacchiani, I. Shafran, A. Senior, K. Chin, A. Misra, and {\chanwcom}}},
  Journal = {IEEE/ACM Trans. Audio, Speech, Lang. Process.},
  Title = {{Multichannel signal processing with deep neural networks for automatic speech recognition}},
  Month = "Feb.",
  Year = "2017.",
}

@article{C_Kim_IEEETran_2016_1,
  Author = {{\chanwcom} and R. M. Stern},
  Journal = {IEEE/ACM Trans. Audio, Speech, Lang. Process.},
  Title = {{Power-Normalized Cepstral Coefficients (PNCC) for Robust Speech Recognition}},
  Month = "July",
  Year = "2016",
  Pages = {1315-1329},
}

@article{B_Cho_SigProcLetters_2016_1,
  Author = {{B. Cho, H. Kwon, J-W. Cho, {\chanwcom},  R. M. Stern, and H. Park}},
  Journal = {IEEE Signal Process. Lett.},
  Title = {{A Subband-Based Stationary-Component Suppression Method Using
    Harmonics and Power Ratio for Reverberant Speech Recognition}},
  Month = "June",
  Year = "2016",
  Pages = {780-784},
}

@INPROCEEDINGS{C_Kim_INTERSPEECH_2015,
    author    = "{{\chanwcom} and K. Chin}",
    title     = "Sound source separation algorithm using phase difference and angle distribution modeling near the target",
    booktitle = "INTERSPEECH-2015",
    year      = "2015",
    month     = "Sept.",
    pages     = {751-755},
}

@INPROCEEDINGS{C_Kim_INTERSPEECH_2014_1,
    author    = "{H. Park, M. Maciejewski, {\chanwcom}, and R. M. Stern}",
    title     = " Robust Speech Recognition in Reverberant Environments Using Subband-Based Steady-State Monaural and Binaural Suppression",
    booktitle = "INTERSPEECH-2014",
    year      = "2014",
    month     = "Sept.",
    pages     = {2715-2718},
}

@INPROCEEDINGS{C_Kim_INTERSPEECH_2014_2,
    author    = "{{\chanwcom}, K. Chin, M. Bacchiani, and R. M. Stern}",
    title     = "Robust speech recognition using temporal masking and thresholding algorithm",
    booktitle = "INTERSPEECH-2014",
    year      = "2014",
    month     = "Sept.",
    pages     = {2734-2738},
}

@INPROCEEDINGS{C_Kim_ICASSP_2012_2,
    author    = "{{\chanwcom}, C. Khawand, and R. M. Stern}",
    title     = "Two-microphone source separation algorithm based on statistical modeling of angle distributions",
    booktitle = "IEEE Int. Conf. on Acoustics, Speech, and Signal Processing",
    year      = "2012",
    month     = "March",
    pages     = {4629-4632},
}

@INPROCEEDINGS{C_Kim_ICASSP_2012_1,
    author    = "{{\chanwcom} and R. M. Stern}",
    title     = "Power-normalized cepstral coefficients (pncc) for robust speech recognition",
    booktitle = "IEEE Int. Conf. on Acoustics, Speech, and Signal Processing",
    year      = "2012",
    month     = "March",
    pages     = {4101-4104},
}

@INPROCEEDINGS{C_Kim_ICASSP_2011_3,
    author    = "{K. Kumar, {\chanwcom}, and R. M. Stern}",
    title     = "Delta-spectral cepstral coefficients for robust speech recognition",
    booktitle = "IEEE Int. Conf. on Acoustics, Speech, and Signal Processing",
    year      = "2011",
    month     = "May",
    pages     = {4784-4787},
}

@INPROCEEDINGS{C_Kim_ICASSP_2011_2,
    author    = "{{\chanwcom}, K. Kumar, and R. M. Stern}",
    title     = "Binaural sound source separation motivated by auditory processing",
    booktitle = "IEEE Int. Conf. on Acoustics, Speech, and Signal Processing",
    year      = "2011",
    month     = "May",
    pages     = {5072-5075},
}

@INPROCEEDINGS{C_Kim_ICASSP_2011_1,
    author    = "{{\chanwcom}, Y-H. Chiu, and R. M. Stern}",
    title     = "A robust voice activity detection algorithm based on power normalization and statistical hypothesis testing",
    booktitle = "IEEE Int. Conf. on Acoustics, Speech, and Signal Processing",
    year      = "2011, (submitted)"
}

@inproceedings{C_Kim_INTERSPEECH_2010_2,
  Author = {{{\chanwcom} and R. M. Stern}},
  Booktitle = {INTERSPEECH-2010},
  Month = {Sept.},
  Pages = {2058-2061},
  Title = {Nonlinear Enhancement of Onset for Robust Speech Recognition},
  Year = {2010}
  }

@inproceedings{C_Kim_INTERSPEECH_2010_1,
  Author = {{{\chanwcom}, K. Eom, J. Lee, and R. M. Stern}},
  Booktitle = {INTERSPEECH-2010},
  Month = {Sept.},
  Pages = {729-732},
  Title = {Automatic Selection of Thresholds for Signal Separation Algorithms Based on Interaural Delay},
  Year = {2010 }
  }

@inproceedings{C_Kim_ICASSP_2010_1,
  Author = {{{\chanwcom} and R. M. Stern}},
  Booktitle = {IEEE Int. Conf. on Acoustics, Speech, and Signal Processing},
  Month = {March},
  Pages = {4574-4577},
  Title = {Feature extraction for robust speech recognition based on maximizing the sharpness of the power distribution and on power flooring},
  Year = {2010}}

@inproceedings{C_Kim_ASRU_2009_2,
  Author = {{{\chanwcom}, K. Kumar and R. M. Stern}},
  Booktitle = {IEEE Automatic Speech Recognition and Understanding Workshop},
  Month = {{Dec.}},
  Pages = {243-248},
  Title = {Robust speech recognition using small power boosting algorithm},
  Year = {2009}}

@inproceedings{C_Kim_ASRU_2009_1,
  Author = {{{\chanwcom} and R. M. Stern}},
  Booktitle = {IEEE Automatic Speech Recognition and Understanding Workshop},
  Month = {{Dec.}},
  Pages = {188-193},
  Title = {Power function-based power distribution normalization algorithm for robust speech recognition},
  Year = {2009}}

@inproceedings{C_Kim_INTERSPEECH_2009_2,
  Author = {{{\chanwcom} and R. M. Stern}},
  Booktitle = {INTERSPEECH-2009},
  Month = {{Sept.}},
  Pages = {28-31},
  Title = {Feature extraction for robust speech recognition using a power-law nonlinearity and power-bias subtraction},
  Year = {2009}}

@inproceedings{C_Kim_INTERSPEECH_2009_1,
  Author = {{{\chanwcom}, K. Kumar, B. Raj, and R. M. Stern}},
  Booktitle = {INTERSPEECH-2009},
  Month = {{Sept.}},
  Pages = {2495-2498},
  Title = {Signal separation for robust speech recognition based on phase difference information obtained in the frequency domain},
  Year = {2009}}

@inproceedings{C_Kim_INTERSPEECH_2008,
  Author = {{{\chanwcom} and R. M. Stern}},
  Booktitle = {INTERSPEECH-2008},
  Month = {{Sept.}},
  Pages = {2598-2601},
  Title = {Robust signal-to-noise ratio estimation based on waveform amplitude distribution analysis},
  Year = 2008}

@inproceedings{R_M_Stern_HSCMA_2008,
  Author = {{R. M. Stern, E. Gouvea, {\chanwcom}, K. Kumar, and H .Park}},
  Booktitle = {Hands-Free Speech Communication and Microphone Arrays, 2008},
  Month = {{May.}},
  Pages = {98-103},
  Title = {{Binaural and multiple-microphone signal processing motivated by auditory perception}},
  Year = 2008}

@inproceedings{C_Kim_INTERSPEECH_2006,
  Author = {{{\chanwcom}, Y.-H. Chiu, and R. M. Stern}},
  Booktitle = {INTERSPEECH-2006},
  Month = {{Sept.}},
  Pages = {1975-1978},
  Title = {Physiologically-motivated synchrony-based processing for robust automatic speech recognition},
  Year = 2006}

@inproceedings{C_Kim_ICCE_2006,
  Author = {{{\chanwcom}, K. Seo, W. Sung, and S. Jung}},
  Booktitle = {IEEE Int. Conf. on Consumer Electronics},
  Month = {{Jan.}},
  Pages = {137-138},
  Title = {Efficient audio/video synchronization method for video telephony system in consumer cellular phones},
  Year = 2006}

@inproceedings{C_Kim_ICCE_2005,
  Author = {{{\chanwcom} and K. Seo}},
  Booktitle = {IEEE Int. Conf. on Consumer Electronics},
  Month = {{Jan.}},
  Pages = {433-434},
  Title = {Robust DTW-based recognition algorithm for hand-held consumer device},
  Year = 2005}

@inproceedings{C_Kim_INTERSPEECH_2002,
  Author = {{{\chanwcom} and W. Sung}},
  Booktitle = {INTERSPEECH-2002},
  Month = {{Sept.}},
  Pages = {1225-1228},
  Title = {Implementation of intonational quality assessment system},
  Year = 2002}

@inproceedings{C_Kim_ICSP_2001,
  Author = {{{\chanwcom} and W. Sung}},
  Booktitle = {Int. Conf. Speech Processing},
  Month = {{Aug.}},
  Pages = {447-452},
  Title = {Vowel pronunciation accuracy checking system based on phoneme segmentation and formants extraction},
  Year = 2001}

@inproceedings{C_Kim_KCC_2005,
  Author = {{{\chanwcom} S. Park and K. Seo}},
  Booktitle = {Korea Computer Congress},
  Month = {{July}},
  Pages = {355-357},
  Title = {Efficient audio/video synchronization method for video mobile communication terminals (in Korean)},
  Year = 2005}

@patent{C_Khwand_USPatent_Issued_2016_1,
  author = {{C. Khwand and {\chanwcom}}},
  title = {{Target object angle determination using multiple cameras, United States Patents}},
  year = 2016,
  month = {Feb.},
  day = {23},
  number = {US 9,269,146},
  type = {Patent},
  version = {},
  location = {US},
  url = {http://www.patentlens.net/patentlens/patent/US_9269146/},
  filing_num = {12/965.909},
  yearfiled = {2012},
  monthfiled = {Aug.},
  dayfiled = {23},
  pat_refs = {},
  ipc_class = {G06T7/00},
  us_class = {},
  abstract = {},
}

@patent{C_Kim_USPatent_Issued_2015_1,
  author = {{{\chanwcom} and C. Khwand}},
  title = {{Multi-microphone Audio Source Separation Based On Combined Statistical Angle Distributions}},
  year = 2015,
  month = {Sept.},
  day = {8},
  number = {US 9,131,295},
  type = {Patent},
  version = {},
  location = {US},
  url = {http://www.patentlens.net/patentlens/patent/US_9131295/},
  filing_num = {12/1,3569,092},
  yearfiled = {2012},
  monthfiled = {Aug.},
  dayfiled = {7},
  pat_refs = {},
  ipc_class = {G10L21/0272, H04R27/00,  H04R3/00},
  us_class = {},
  abstract = {},
}

@patent{C_Kim_USPatent_Issued_2014_1,
  author = {{{\chanwcom}, K. Eom, J. Lee, and R. M. Stern}},
  title = {{Signal separation system and method for automatically selecting threshold to separate sound sources}},
  year = 2014,
  month = {May},
  day = {6},
  number = {US 8,718,293},
  type = {Patent},
  version = {},
  location = {US},
  url = {http://www.patentlens.net/patentlens/patent/US_8718293/},
  filing_num = {12/965,909},
  yearfiled = {2010},
  monthfiled = {Dec.},
  dayfiled = {12},
  pat_refs = {},
  ipc_class = {G06F17/00  G10L21/02  G10L21/0216  G10L21/0232  G10L21/0272  H04R3/02},
  us_class = {381/73.1  700/94},
  abstract = {},
}

@patent{C_Kim_USPatent_Issued_2011_1,
  author = {{{\chanwcom}}},
  title = {{Formants extracting method combining spectral peak picking and roots extraction}},
  year = 2011,
  month = {Aug.},
  day = {16},
  number = {US 8,000,959},
  type = {Patent},
  version = {},
  location = {US},
  url = {http://www.patentlens.net/patentlens/patent/US_8000959/},
  filing_num = {10/960,595},
  yearfiled = {2004},
  monthfiled = {{Oct.}},
  dayfiled = {6},
  pat_refs = {},
  ipc_class = {},
  us_class = {},
  abstract = {},
}

@patent{C_Kim_USPatent_Issued_2010_2,
  author = {{{\chanwcom}}},
  title = {{Speech distinction method}},
  year = 2010,
  month = {July},
  day = {20},
  number = {US 7,761,294},
  type = {Patent},
  version = {},
  location = {US},
  url = {http://www.patentlens.net/patentlens/patent/US_7761294/},
  filing_num = {11/285,353},
  yearfiled = {2005},
  monthfiled = {{Nov.}},
  dayfiled = {23},
  pat_refs = {},
  ipc_class = {},
  us_class = {},
  abstract = {},
}

@patent{C_Kim_USPatent_Issued_2010_1,
  author = {{K. Seo and {\chanwcom}}},
  title = {{Synchronizing video/audio data of mobile communication terminal}},
  year = 2010,
  month = {May},
  day = {4},
  number = {US 7,710,943},
  type = {Patent},
  version = {},
  location = {US},
  url = {http://www.patentlens.net/patentlens/patent/US_7710943},
  filing_num = {11/157,353},
  yearfiled = {2005},
  monthfiled = {{June}},
  dayfiled = {21},
  pat_refs = {},
  ipc_class = {},
  us_class = {},
  abstract = {},
}

@patent{C_Kim_USPatent_Issued_2009_1,
  author = {{{\chanwcom}}},
  title = {{Speech coding apparatus with perceptual weighting and method therefor}},
  year = 2009,
  month = {Oct.},
  day = {13},
  number = {US 7,603,271},
  type = {Patent},
  version = {},
  location = {US},
  url = {http://www.patentlens.net/patentlens/patent/US_7603271},
  filing_num = {11/299,900},
  yearfiled = {2005},
  monthfiled = {Dec.},
  dayfiled = {13},
  pat_refs = {},
  ipc_class = {},
  us_class = {},
  abstract = {},
}

@patent{C_Kim_USPatent_Issued_2009_2,
  author = {{{\chanwcom}}},
  title = {{Mobile device and method for preventing undesired key depression in the same}},
  year = 2009,
  month = {Oct.},
  day = {13},
  number = {US 7,602,377},
  type = {Patent},
  version = {},
  location = {US},
  url = {http://www.patentlens.net/patentlens/patent/US_7602377},
  filing_num = {10/983,707},
  yearfiled = {2004},
  monthfiled = {{Nov.}},
  dayfiled = {9},
  pat_refs = {},
  ipc_class = {},
  us_class = {},
  abstract = {},
}

@patent{C_Kim_USPatent_Issued_2009_3,
  author = {{{\chanwcom}}},
  title = {{Baseband modem for speech recognition and mobile communication terminal using the same}},
  year = 2009,
  month = {{Sept.}},
  day = {22},
  number = {US 7,593,853},
  type = {Patent},
  version = {},
  location = {US},
  url = {http://www.patentlens.net/patentlens/patent/US_7593853},
  filing_num = {11/221,463},
  yearfiled = {2005},
  monthfiled = {{Sept.}},
  dayfiled = {7},
  pat_refs = {},
  ipc_class = {},
  us_class = {},
  abstract = {},
}

@patent{C_Kim_USPatent_Issued_2009_4,
  author = {{{\chanwcom}}},
  title = {{Method of filtering speech signals to enhance quality of speech and apparatus thereof}},
  year = 2009,
  month = {{Sept.}},
  day = {15},
  number = {US 7,590,524},
  type = {Patent},
  version = {},
  location = {US},
  url = {http://www.patentlens.net/patentlens/patent/US_7590524},
  filing_num = {11/221,106},
  yearfiled = {2005},
  monthfiled = {{Sept.}},
  dayfiled = {6},
  pat_refs = {},
  ipc_class = {},
  us_class = {},
  abstract = {},
}

@patent{C_Kim_USPatent_Issued_2008_1,
  author = {{{\chanwcom}}},
  title = {{Telephone number retrieval system and method}},
  year = 2008,
  month = {{Apr.}},
  day = {8},
  number = {US 7,356,356},
  type = {Patent},
  version = {},
  location = {US},
  url = {http://www.patentlens.net/patentlens/patent/US_7356356},
  filing_num = {10/976,520},
  yearfiled = {2004},
  monthfiled = {{Oct.}},
  dayfiled = {29},
  pat_refs = {},
  ipc_class = {},
  us_class = {},
  abstract = {},
}



@patent{C_Kim_KoreaPatent_Issued_2005_1,
  author = {{{\chanwcom}}},
  title = {{Formant frequency detecting method of voice signal}},
  year = 2005,
  month = {{Aug.}},
  day = {23},
  number = {Koarea 10-0511316},
  type = {Patent},
  version = {},
  location = {Korea},
  url = {},
  filing_num = {10-2003-0069175}},
  yearfiled = {},
  monthfiled = {{}},
  dayfiled = {},
  pat_refs = {},
  ipc_class = {},
  us_class = {},
  abstract = {},
}

@patent{C_Kim_KoreaPatent_Issued_2006_1,
  author = {{{\chanwcom}}},
  Title = {{Slide type mobile communication terminal applying subdisplay device}},
  year = {2006},
  month = {{March}},
  day = {7},
  number = {Korea 10-0560919},
  type = {Patent},
  version = {},
  location = {Korea},
  url = {},
  filing_num = {10-2003-0071130},
  yearfiled = {},
  monthfiled = {{}},
  dayfiled = {},
  pat_refs = {},
  ipc_class = {},
  us_class = {},
  abstract = {},
}

@patent{C_Kim_KoreaPatent_Issued_2006_2,
  Author = {{{\chanwcom} and K. Seo}},
  title = {{A method and a apparatus of synchronization videosignal with audio signal for mobile phone}},
  year = {2006},
  month = {{March}},
  day = {},
  number = {Korea 10-0565333},
  type = {Patent},
  version = {},
  location = {Korea},
  url = {},
  filing_num = {10-2004-0046697},
  yearfiled = {},
  monthfiled = {{}},
  dayfiled = {},
  pat_refs = {},
  ipc_class = {},
  us_class = {},
  abstract = {},
}


@patent{C_Kim_KoreaPatent_Issued_2006_3,
  author = {{{\chanwcom}}},
  title = {{Guidance method and apparatus for telephone number}},
  Year = 2006,
  month = {{June}},
  day = {},
  number = {Korea 10-0595610},
  type = {Patent},
  version = {},
  location = {Korea},
  url = {},
  filing_num = {10-2003-0076089},
  yearfiled = {},
  monthfiled = {{}},
  dayfiled = {},
  pat_refs = {},
  ipc_class = {},
  us_class = {},
  abstract = {},
}

@patent{C_Kim_KoreaPatent_Issued_2006_4,
  author = {{{\chanwcom}}},
  title = {{Key pushing prevention method for portable apparatus}},
  year = {2006},
  month = {{June}},
  day = {23},
  number = {Korea 10-0595614},
  type = {Patent},
  version = {},
  location = {Korea},
  url = {},
  filing_num = {10-2003-0081627},
  yearfiled = {},
  monthfiled = {{}},
  dayfiled = {},
  pat_refs = {},
  ipc_class = {},
  us_class = {},
  abstract = {},
}

@patent{C_Kim_KoreaPatent_Issued_2006_5,
  author = {{{\chanwcom}}},
  title = {{A method and a apparatus of advanced low bit rate linear prediction coding with plp coefficient for mobile phone}},
  year = {2006},
  month = {{Aug.}},
  day = {28},
  number = {Korea 10-0619893},
  type = {Patent},
  version = {},
  location = {Korea},
  url = {},
  filing_num = {10-2004-0057739},
  yearfiled = {},
  monthfiled = {{}},
  dayfiled = {},
  pat_refs = {},
  ipc_class = {},
  us_class = {},
  abstract = {},
}

% !!! BECAME VOID !!!
%@patent{C_Kim_KoreaPatent_Issued_2006_6,
%       author = {{{\chanwcom}}},
%       title = {{Speech distinction method (!!!VOID!!!)}},
%       year = {2006},
%  month = {{Sept.}},
%  day = {},
%       number = {Korea 10-0631608},
%  type = {Patent},
%  version = {},
%  location = {Korea},
%  url = {},
%  filing_num = {10-2004-0097650},
%  yearfiled = {},
%  monthfiled = {{}},
%  dayfiled = {},
%  pat_refs = {},
%  ipc_class = {},
%  us_class = {},
%  abstract = {},
%}

@patent{C_Kim_KoreaPatent_Issued_2006_7,
  author = {{{\chanwcom}}},
  title = {{Method and apparatus for enhancing quality of speech}},
  year = {2006},
  month = {{Oct.}},
  day = {25},
  number = {Korea 10-0640865},
  type = {Patent},
  version = {},
  location = {Korea},
  url = {},
  filing_num = {10-2004-0071371},
  yearfiled = {},
  monthfiled = {{}},
  dayfiled = {},
  pat_refs = {},
  ipc_class = {},
  us_class = {},
  abstract = {},
}

@patent{C_Kim_KoreaPatent_Issued_2006_8,
  author = {{{\chanwcom}}},
  title = {{Baseband modem and mobile terminal for voice recognition}},
  year = 2006,
  month = {{Oct.}},
  day = {2525},
  number = {Korea 10-0640893},
  type = {Patent},
  version = {},
  location = {Korea},
  url = {},
  filing_num = {10-2004-0071327},
  yearfiled = {},
  monthfiled = {{}},
  dayfiled = {},
  pat_refs = {},
  ipc_class = {},
  us_class = {},
  abstract = {},
}

@patent{C_Kim_KoreaPatent_Issued_2007_1,
  author = {{{\chanwcom}}},
  title = {{A mobile terminal having a support power pack}},
  year = {2007},
  month = {{Jan.}},
  day = {26},
  number = {Korea 10-0677397},
  type = {Patent},
  version = {},
  location = {Korea},
  url = {},
  filing_num = {10-2004-0095924},
  yearfiled = {},
  monthfiled = {{}},
  dayfiled = {},
  pat_refs = {},
  ipc_class = {},
  us_class = {},
  abstract = {},
}

@patent{C_Kim_KoreaPatent_Issued_2007_2,
  author = {{{\chanwcom}}},
  title = {{Separable mobile terminal}},
  year = 2007,
  month = {{Jan.}},
  day = {26},
  number = {Korea 10-0677347},
  type = {Patent},
  version = {},
  location = {Korea},
  url = {},
  filing_num = {10-2004-0067617},
  yearfiled = {},
  monthfiled = {{}},
  dayfiled = {},
  pat_refs = {},
  ipc_class = {},
  us_class = {},
  abstract = {},
}

@patent{C_Kim_KoreaPatent_Issued_2007_3,
  author = {{{\chanwcom}}},
  title = {{Voice coding/decoding method, and apparatus for the same}},
  year = 2007,
  month = {{Jan.}},
  day = {16},
  number = {Korea 10-0672355},
  type = {Patent},
  version = {},
  location = {Korea},
  url = {},
  filing_num = {10-2004-0055634},
  yearfiled = {},
  monthfiled = {{}},
  dayfiled = {},
  pat_refs = {},
  ipc_class = {},
  us_class = {},
  abstract = {},
}

@patent{C_Kim_KoreaPatent_Issued_2007_4,
  author = {{{\chanwcom}}},
  Title = {{Mobile phone}},
  year = {2007},
  month = {{Jan.}},
  day = {},
  number = {Korea 10-0677304},
  type = {Patent},
  version = {},
  location = {Korea},
  url = {},
  filing_num = {10-2004-0009331},
  yearfiled = {},
  monthfiled = {{}},
  dayfiled = {},
  pat_refs = {},
  ipc_class = {},
  us_class = {},
  abstract = {},
}

@patent{C_Kim_KoreaPatent_Issued_2007_5,
  author = {{{\chanwcom}}},
  title = {{A multi-party system and method for requires reducedcomputational amount}},
  year = {2007},
  month = {{June}},
  day = {23},
  number = {Korea 10-0733713},
  type = {Patent},
  version = {},
  location = {Korea},
  url = {},
  filing_num = {10-2005-0075404},
  yearfiled = {},
  monthfiled = {{}},
  dayfiled = {},
  pat_refs = {},
  ipc_class = {},
  us_class = {},
  abstract = {},
}

@patent{C_Kim_KoreaPatent_Issued_2007_6,
  author = {{{\chanwcom}}},
  title = {{Apparatus for removing noise by using hands-free mike of mobile terminal}},
  year = {2007},
  month = {{July}},
  day = {6},
  number = {Korea 10-0739178},
  type = {Patent},
  version = {},
  location = {Korea},
  url = {},
  filing_num = {10-2005-0072454},
  yearfiled = {},
  monthfiled = {{}},
  dayfiled = {},
  pat_refs = {},
  ipc_class = {},
  us_class = {},
  abstract = {},
}
@patent{A_Narayanan_USPatent_Application_2016_1,
  author = {{A. Narayanan, {\chanwcom} and R. Nongpiur}},
  title = {{Sound Source Estimation Using Neural Networks}},
  year = 2016,
  month = {{March}},
  type = {{Patent Application}},
  version = {},
  location = {US},
  yearfiled = {2016},
  monthfiled = {{March}},
  dayfiled = {},
  pat_refs = {},
  ipc_class = {},
  us_class = {},
  abstract = {},
}
@patent{A_Narayanan_USPatent_Application_2016_1,
  author = {{A. Narayanan, {\chanwcom} and R. Nongpiur}},
  title = {{Sound Source Estimation Using Neural Networks}},
  year = 2016,
  month = {{March}},
  type = {{Patent Application}},
  version = {},
  location = {US},
  yearfiled = {2016},
  monthfiled = {{March}},
  dayfiled = {},
  pat_refs = {},
  ipc_class = {},
  us_class = {},
  abstract = {},
}

@patent{A_Misra_USPatent_Application_2016_1,
  author = {{A. Misra, {\chanwcom} and R. Nongpiur}},
  title = {{Room Auralization For Multi-Microphone Devices}},
  year = 2016,
  month = {{March}},
  type = {{Patent Application}},
  version = {},
  location = {US},
  yearfiled = {2016},
  monthfiled = {{March}},
  dayfiled = {},
  pat_refs = {},
  ipc_class = {},
  us_class = {},
  abstract = {},
}

@patent{C_Kim_USPatent_Application_2014_2,
  author = {{{\chanwcom} and C. Khawand}},
  title = {{Multi-microphone audio source separation based on combined statistical angle distributions}},
  year = 2014,
  month = {{Feb.}},
  day = {13},
  Number = {US 2014/0044279},
  type = {{Patent Application}},
  version = {},
  location = {US},
  url = {http://www.lens.org/lens/patent/US_2014_0044279_A1},
  filing_num = {13/569092},
  yearfiled = {2012},
  monthfiled = {{Aug.}},
  dayfiled = {7},
  pat_refs = {},
  ipc_class = {},
  us_class = {},
  abstract = {},
}

@patent{C_Khawand_USPatent_Application_2014_1,
  author = {{C. Khawand, and {\chanwcom}}},
  title = {{Target object angle determination using multiple cameras}},
  year = 2014,
  month = {{Feb.}},
  day = {27},
  Number = {US 2014/0056470},
  type = {{Patent Application}},
  version = {},
  location = {US},
  url = {http://www.lens.org/lens/patent/US_2014_0056470_A1},
  filing_num = {13/592890},
  yearfiled = {2012},
  monthfiled = {{Aug.}},
  dayfiled = {23},
  pat_refs = {},
  ipc_class = {},
  us_class = {},
  abstract = {},
}

@patent{C_Kim_USPatent_Application_2012_1,
  author = {{{\chanwcom}, C. Khawand, and J. Moon}},
  title = {{Automatically optimizing capture of images of one or more subjects}},
  year = 2012,
  month = {{Nov.}},
  day = {29},
  Number = {US 2012/0300092},
  type = {{Patent Application}},
  version = {},
  location = {US},
  url = {http://www.lens.org/lens/patent/US_2012_0300092_A1},
  filing_num = {13/333121},
  yearfiled = {2011},
  monthfiled = {{Dec.}},
  dayfiled = {21},
  pat_refs = {},
  ipc_class = {},
  us_class = {},
  abstract = {},
}


@patent{C_Kim_USPatent_Application_2005_1,
  author = {{{\chanwcom}}},
  title = {{Voice recognition method}},
  year = 2005,
  month = {{June}},
  day = {16},
  Number = {US 2005/0131693},
  type = {{Patent Application}},
  version = {},
  location = {US},
  url = {http://www.lens.org/lens/patent/US_2005_0131693_A1},
  filing_num = {10/976,520},
  yearfiled = {2004},
  monthfiled = {{Dec.}},
  dayfiled = {15},
  pat_refs = {},
  ipc_class = {},
  us_class = {},
  abstract = {},
}

% Now it is issued
%@article{C_Kim_USPatent_Application_2005_2,
%  Author = {{{\chanwcom}}},
%  Journal = {{United States Patent Application}},
%  Number = {20050075864},
%  Title = {{Formants extracting method}}}


@patent{C_Kim_USPatent_Application_2005_3,
  author = {{{\chanwcom}}},
  Title = {{Apparatus and method for reducing power consumption in a mobile communication terminal}},
  year = 2005,
  month = {{March}},
  day = {17},
  Number = {US 2005/0057548},
  type = {{Patent Application}},
  version = {},
  location = {US},
  url = {http://www.lens.org/lens/patent/US_2005_0057548_A1},
  filing_num = {10/928,673},
  yearfiled = {2004},
  monthfiled = {{Aug.}},
  dayfiled = {26},
  pat_refs = {},
  ipc_class = {},
  us_class = {},
  abstract = {},
}

@patent{C_Kim_USPatent_Application_2006_5,
  author = {{{\chanwcom}}},
  Title = {{Voice coding/decoding method and apparatus}},
  year = 2006,
  month = {{Jan.}},
  day = {19},
  Number = {US 2006/0015330},
  type = {{Patent Application}},
  version = {},
  location = {US},
  url = {http://www.lens.org/lens/patent/US_2006_0015330_A1},
  filing_num = {11/184,382},
  yearfiled = {2005},
  monthfiled = {{July}},
  dayfiled = {18},
  pat_refs = {},
  ipc_class = {},
  us_class = {},
  abstract = {},
}

@patent{C_Kim_USPatent_Application_2006_1,
  author = {{{\chanwcom}}},
  Title = {{Method for extracting feature vectors for speech recognition}},
  year = 2006,
  month = {{June}},
  day = {15},
  Number = {US 2006/0129392},
  type = {{Patent Application}},
  version = {},
  location = {US},
  url = {http://www.lens.org/lens/patent/US_2006_0129392_A1},
  filing_num = {11/296,293},
  yearfiled = {2005},
  monthfiled = {{Dec.}},
  dayfiled = {8},
  pat_refs = {},
  ipc_class = {},
  us_class = {},
  abstract = {},
}

% Now issued.
%@article{C_Kim_USPatent_Application_2006_2,
%  Author = {{{\chanwcom}}},
%  Journal = {{United States Patent Application}},
%  Number = {Application no. 20060111900},
%  Title = {{Speech distinction method}}}

@patent{C_Kim_USPatent_Application_2006_3,
  author = {{{\chanwcom}}},
  Title = {{Mobile terminal having support power pack}},
  year = 2006,
  month = {{May}},
  day = {25},
  Number = {US 2006/0111155},
  type = {{Patent Application}},
  version = {},
  location = {US},
  url = {http://www.lens.org/lens/patent/US_2006_0111155_A1},
  filing_num = {11/282,475},
  yearfiled = {2005},
  monthfiled = {{Nov.}},
  dayfiled = {21},
  pat_refs = {},
  ipc_class = {},
  us_class = {},
  abstract = {},
}

@patent{C_Kim_USPatent_Application_2006_4,
  author = {{{\chanwcom}}},
  Title = {{Voice coding apparatus and method using PLP in mobile communications terminal}},
  year = 2006,
  month = {{Feb}},
  day = {2},
  Number = {US 2006/0025991},
  type = {{Patent Application}},
  version = {},
  location = {US},
  url = {http://www.lens.org/lens/patent/US_2006_0025991_A1},
  filing_num = {11/186,117},
  yearfiled = {2005},
  monthfiled = {{July}},
  dayfiled = {20},
  pat_refs = {},
  ipc_class = {},
  us_class = {},
  abstract = {},
}

% Now issued.
%@article{C_Kim_USPatent_Application_2010_1,
%  Author = {{{\chanwcom}, R. M. Stern, K. Eom, and J. Lee}},
%  Journal = {{United States Patent (Filed)}},
%  Title = {{Automatic Interaural Time Delay Threshold Selection Method for Sound Source Separation}},
%  Year = 2010}

@patent{W_Cui_us_patent_2013,
  Author = {{W. Cui, K. Eom, H. Lim}},
  Title = {{Microphone signal compensation apparatus and method thereof}},
  Number = {US8477962 B2},
  Type = {Patent},
  Location = {US},
  Year = {2013},
  Month = {July},
  Day = {2},
}


%%%%%%%%%%%%%%%%%%%%%%%%%%%%%%%%%%%%%%%%%%%%%%%%%%%%%%%%%%%%%%%%%%%%%%%%%%%%%%%%
%
% c_kim_sci
%

%%%%%%%%%%%%%%%%%%%%%%%%%%%%%%%%%%%%%%%%%%%%%%%%%%%%%%%%%%%%%%%%%%%%%%%%%%%%%%%%
%
% c_kim_scie
%
@article{c_kim_scie_ieeetran_2015__accepted,
  Author = {{\chanwcom} and R. M. Stern},
  Journal = {IEEE/ACM Trans. Audio, Speech, Lang. Process.},
  Title = {Power-Normalized Cepstral Coefficients (PNCC) for Robust Speech Recognition},
  Year = "2015 (accepted)."}

%%%%%%%%%%%%%%%%%%%%%%%%%%%%%%%%%%%%%%%%%%%%%%%%%%%%%%%%%%%%%%%%%%%%%%%%%%%%%%%%
%
% c_kim_international_conf
%
@INPROCEEDINGS{C_Kim_INTERSPEECH_2015,
    author    = "{{\chanwcom}, and K. Chin}",
    title     = "Sound source separation algorithm using phase difference and angle distribution modeling near the target",
    booktitle = "INTERSPEECH-2015",
    year      = "2015 (accepted).",
    month     = "Sept.",
    pages     = {},
}

@INPROCEEDINGS{C_Kim_INTERSPEECH_2014_1,
    author    = "{H. Park, M. Maciejewski, {\chanwcom}, and R. M. Stern}",
    title     = "Robust speech recognition using temporal masking and thresholding algorithm",
    booktitle = "INTERSPEECH-2014",
    year      = "2014",
    month     = "Sept.",
    pages     = {2715-2718},
}

@INPROCEEDINGS{C_Kim_INTERSPEECH_2014_2,
    author    = "{{\chanwcom}, K. K. Chin, M. Bacchiani, and R. M. Stern}",
    title     = "Robust speech recognition using temporal masking and thresholding algorithm",
    booktitle = "INTERSPEECH-2014",
    year      = "2014",
    month     = "Sept.",
    pages     = {2734-2738},
}

@INPROCEEDINGS{C_Kim_ICASSP_2012_2,
    author    = "{{\chanwcom}, C. Khawand, and R. M. Stern}",
    title     = "Two-microphone source separation algorithm based on statistical modeling of angle distributions",
    booktitle = "IEEE Int. Conf. on Acoustics, Speech, and Signal Processing",
    year      = "2012",
    month     = "March",
    pages     = {4629-4632},
}

@INPROCEEDINGS{C_Kim_ICASSP_2012_1,
    author    = "{{\chanwcom} and R. M. Stern}",
    title     = "Power-normalized cepstral coefficients (pncc) for robust speech recognition",
    booktitle = "IEEE Int. Conf. on Acoustics, Speech, and Signal Processing",
    year      = "2012",
    month     = "March",
    pages     = {4101-4104},
}

@INPROCEEDINGS{C_Kim_ICASSP_2011_3,
    author    = "{K. Kumar, {\chanwcom}, and R. M. Stern}",
    title     = "Delta-spectral cepstral coefficients for robust speech recognition",
    booktitle = "IEEE Int. Conf. on Acoustics, Speech, and Signal Processing",
    year      = "2011",
    month     = "May",
    pages     = {4784-4787},
}

@INPROCEEDINGS{C_Kim_ICASSP_2011_2,
    author    = "{{\chanwcom}, K. Kumar, and R. M. Stern}",
    title     = "Binaural sound source separation motivated by auditory processing",
    booktitle = "IEEE Int. Conf. on Acoustics, Speech, and Signal Processing",
    year      = "2011",
    month     = "May",
    pages     = {5072-5075},
}

@INPROCEEDINGS{C_Kim_ICASSP_2011_1,
    author    = "{{\chanwcom}, Y-H. Chiu, and R. M. Stern}",
    title     = "A robust voice activity detection algorithm based on power normalization and statistical hypothesis testing",
    booktitle = "IEEE Int. Conf. on Acoustics, Speech, and Signal Processing",
    year      = "2011, (submitted)"
}

@inproceedings{C_Kim_INTERSPEECH_2010_2,
  Author = {{{\chanwcom} and R. M. Stern}},
  Booktitle = {INTERSPEECH-2010},
  Month = {Sept.},
  Pages = {2058-2061},
  Title = {Nonlinear Enhancement of Onset for Robust Speech Recognition},
  Year = {2010}
  }

@inproceedings{C_Kim_INTERSPEECH_2010_1,
  Author = {{{\chanwcom}, K. Eom, J. Lee, and R. M. Stern}},
  Booktitle = {INTERSPEECH-2010},
  Month = {Sept.},
  Pages = {729-732},
  Title = {Automatic Selection of Thresholds for Signal Separation Algorithms Based on Interaural Delay},
  Year = {2010 }
  }

@inproceedings{C_Kim_ICASSP_2010_1,
  Author = {{{\chanwcom} and R. M. Stern}},
  Booktitle = {IEEE Int. Conf. on Acoustics, Speech, and Signal Processing},
  Month = {March},
  Pages = {4574-4577},
  Title = {Feature extraction for robust speech recognition based on maximizing the sharpness of the power distribution and on power flooring},
  Year = {2010}}

@inproceedings{C_Kim_ASRU_2009_2,
  Author = {{{\chanwcom}, K. Kumar and R. M. Stern}},
  Booktitle = {IEEE Automatic Speech Recognition and Understanding Workshop},
  Month = {{Dec.}},
  Pages = {243-248},
  Title = {Robust speech recognition using small power boosting algorithm},
  Year = {2009}}

@inproceedings{C_Kim_ASRU_2009_1,
  Author = {{{\chanwcom} and R. M. Stern}},
  Booktitle = {IEEE Automatic Speech Recognition and Understanding Workshop},
  Month = {{Dec.}},
  Pages = {188-193},
  Title = {Power function-based power distribution normalization algorithm for robust speech recognition},
  Year = {2009}}

@inproceedings{C_Kim_INTERSPEECH_2009_2,
  Author = {{{\chanwcom} and R. M. Stern}},
  Booktitle = {INTERSPEECH-2009},
  Month = {{Sept.}},
  Pages = {28-31},
  Title = {Feature extraction for robust speech recognition using a power-law nonlinearity and power-bias subtraction},
  Year = {2009}}

@inproceedings{C_Kim_INTERSPEECH_2009_1,
  Author = {{{\chanwcom}, K. Kumar, B. Raj, and R. M. Stern}},
  Booktitle = {INTERSPEECH-2009},
  Month = {{Sept.}},
  Pages = {2495-2498},
  Title = {Signal separation for robust speech recognition based on phase difference information obtained in the frequency domain},
  Year = {2009}}

@inproceedings{C_Kim_INTERSPEECH_2008,
  Author = {{{\chanwcom} and R. M. Stern}},
  Booktitle = {INTERSPEECH-2008},
  Month = {{Sept.}},
  Pages = {2598-2601},
  Title = {Robust signal-to-noise ratio estimation based on waveform amplitude distribution analysis},
  Year = 2008}

@inproceedings{R_M_Stern_HSCMA_2008,
  Author = {{R. M. Stern, E. Gouvea, {\chanwcom}, K. Kumar, and H .Park}},
  Booktitle = {Hands-Free Speech Communication and Microphone Arrays, 2008},
  Month = {{May.}},
  Pages = {98-103},
  Title = {{Binaural and multiple-microphone signal processing motivated by auditory perception}},
  Year = 2008}

@inproceedings{C_Kim_INTERSPEECH_2006,
  Author = {{{\chanwcom}, Y.-H. Chiu, and R. M. Stern}},
  Booktitle = {INTERSPEECH-2006},
  Month = {{Sept.}},
  Pages = {1975-1978},
  Title = {Physiologically-motivated synchrony-based processing for robust automatic speech recognition},
  Year = 2006}

@inproceedings{C_Kim_ICCE_2006,
  Author = {{{\chanwcom}, K. Seo, W. Sung, and S. Jung}},
  Booktitle = {IEEE Int. Conf. on Consumer Electronics},
  Month = {{Jan.}},
  Pages = {137-138},
  Title = {Efficient audio/video synchronization method for video telephony system in consumer cellular phones},
  Year = 2006}

@inproceedings{C_Kim_ICCE_2005,
  Author = {{{\chanwcom} and K. Seo}},
  Booktitle = {IEEE Int. Conf. on Consumer Electronics},
  Month = {{Jan.}},
  Pages = {433-434},
  Title = {Robust DTW-based recognition algorithm for hand-held consumer device},
  Year = 2005}

@inproceedings{C_Kim_INTERSPEECH_2002,
  Author = {{{\chanwcom} and W. Sung}},
  Booktitle = {INTERSPEECH-2002},
  Month = {{Sept.}},
  Pages = {1225-1228},
  Title = {Implementation of intonational quality assessment system},
  Year = 2002}

@inproceedings{C_Kim_ICSP_2001,
  Author = {{{\chanwcom} and W. Sung}},
  Booktitle = {Int. Conf. Speech Processing},
  Month = {{Aug.}},
  Pages = {447-452},
  Title = {Vowel pronunciation accuracy checking system based on phoneme segmentation and formants extraction},
  Year = 2001}

%%%%%%%%%%%%%%%%%%%%%%%%%%%%%%%%%%%%%%%%%%%%%%%%%%%%%%%%%%%%%%%%%%%%%%%%%%%%%%%%
%
% c_kim_domestic_conf
%
@inproceedings{C_Kim_KCC_2005,
  Author = {{{\chanwcom} S. Park and K. Seo}},
  Booktitle = {Korea Computer Congress},
  Month = {{July}},
  Pages = {355-357},
  Title = {Efficient audio/video synchronization method for video mobile communication terminals (in Korean)},
  Year = 2005}


%%%%%%%%%%%%%%%%%%%%%%%%%%%%%%%%%%%%%%%%%%%%%%%%%%%%%%%%%%%%%%%%%%%%%%%%%%%%%%%%
%
% c_kim_us_patent_issued
%

%%%%%%%%%%%%%%%%%%%%%%%%%%%%%%%%%%%%%%%%%%%%%%%%%%%%%%%%%%%%%%%%%%%%%%%%%%%%%%%%
%
% c_kim_us_patent_application
%

%%%%%%%%%%%%%%%%%%%%%%%%%%%%%%%%%%%%%%%%%%%%%%%%%%%%%%%%%%%%%%%%%%%%%%%%%%%%%%%%
%
% c_kim_us_korea_patent_issued
%

%%%%%%%%%%%%%%%%%%%%%%%%%%%%%%%%%%%%%%%%%%%%%%%%%%%%%%%%%%%%%%%%%%%%%%%%%%%%%%%%
%
% c_kim_thesis
%
